3256 5460
451 632 454 638 ·
511 606 554 677 on
574 630 783 678 neruoruaus
805 632 844 677 nr
866 631 909 677 on
929 629 1107 677 conminus.
1358 608 1395 670 57

226 806 376 869 tinentur
390 803 578 866 addimenta
592 801 716 883 quihus
729 801 928 882 praecedens
942 799 1134 864 Gothofredi
1147 797 1248 861 editio
1263 795 1398 861 carebat

225 907 257 966 et
269 920 357 983 quae
371 902 644 964 enumeravimus
658 917 760 980 supra
774 901 805 980 (s
819 901 860 971 V,
877 899 921 980 3).

265 1001 362 1074 Cum,
391 1000 478 1060 inter
500 998 641 1060 editores
669 998 855 1074 Margarino
883 997 1094 1069 recentiores,
1121 993 1222 1057 solus
1241 993 1293 1056 sui
1314 991 1400 1072 juris

227 1099 282 1174 sit,
315 1100 355 1160 ut
382 1097 529 1160 diximus
544 1098 598 1178 ri),
625 1094 857 1174 Gothofredus‚
883 1095 984 1176 paulo
1005 1093 1114 1156 fusius
1128 1092 1245 1154 dehac
1259 1090 1402 1152 editione

226 1213 375 1274 agemus.

264 1294 448 1358 Columnae
461 1294 563 1370 igitur
576 1297 668 1356 itt-80
684 1294 786 1373 partis
804 1293 853 1372 (C)
868 1293 961 1354 hunc
977 1289 1113 1352 titulum
1135 1286 1317 1368 praebent:

266 1413 282 1452 e
302 1385 468 1471 Excerpta
487 1390 758 1453 Differentiarum
779 1389 822 1453 ab
840 1389 1047 1469 amplissimo
1068 1387 1140 1449 viro
1160 1385 1288 1448 Jacobo
1311 1386 1400 1448 Bon-

226 1491 334 1568 garsio
350 1491 472 1567 Legato
486 1490 588 1566 Regio
603 1489 861 1551 communicata.
878 1487 1055 1566 —Incipit
1069 1485 1109 1548 de
1120 1484 1319 1565 proprietate
1333 1499 1402 1545 ser·

226 1605 367 1653 monum
382 1588 435 1650 vel
456 1603 579 1650 rerum.
600 1589 693 1649 Inter
712 1591 873 1661 pollicere
893 1585 967 1665 (ste)
989 1592 1016 1646 δι
1039 1583 1239 1660 promittere
1260 1582 1325 1644 hoc
1348 1581 1402 1642 in·

227 1690 338 1763 teresi,
355 1686 444 1767 quod
458 1686 684 1766 promittimus
699 1686 815 1762 rogati,
831 1683 1030 1764 pollicemur
1044 1681 1142 1744 vltrd.
1157 1701 1174 1740 a

264 1787 357 1848 Finis
372 1787 485 1847 autem
500 1782 686 1846 submedia
705 1783 865 1845 columna
880 1785 936 1845 roo
952 1781 1074 1858 legitur
1091 1798 1097 1840 :

267 1902 283 1944 ‹
305 1885 397 1945 Inter
411 1886 562 1945 domines
583 1888 610 1942 &
631 1883 754 1944 bestias
775 1881 840 1942 hoc
861 1881 1009 1952 interest,
1037 1876 1127 1958 quod
1147 1875 1272 1940 bestiae
1292 1875 1402 1946 ventri

226 1982 393 2055 saeuiunt,
409 1981 564 2042 homines
579 1981 707 2042 ratione
724 1978 803 2060 (ste).
823 2014 860 2024 -
876 1977 1021 2057 Explicit
1035 1976 1197 2038 Feliciter.
1216 1994 1232 2033 r>

264 2080 355 2142 Inter
379 2095 464 2158 quas
488 2078 664 2140 columnas
683 2076 866 2140 decurrunt
889 2073 1101 2137 Differentiae
1122 2076 1266 2146 nostrae,
1284 2070 1400 2151 quales

226 2180 467 2241 enumerantur
480 2176 515 2237 in
532 2175 647 2238 tabula
666 2178 780 2238 nostra
801 2174 1069 2238 testimoniorum
1095 2170 1332 2251 comparativa,
1358 2187 1401 2233 ne

227 2276 358 2339 omissis
394 2274 528 2355 quidem
560 2272 763 2337 Differentiis
797 2290 896 2352 quae,
929 2289 949 2334 a
985 2271 1172 2347 Margarino
1199 2273 1233 2331 et
1258 2268 1400 2333 Arevalo

227 2374 378 2449 omissas
396 2373 648 2436 numeravimus
664 2373 701 2435 tl
717 2375 814 2435 biset
829 2375 885 2434 196
901 2375 966 2445 ote
989 2369 1046 2433 scd
1065 2369 1188 2431 lemma
1203 2371 1239 2431 lt
1253 2372 1303 2432 dis
1323 2384 1401 2430 nos-

228 2475 317 2533 trum
332 2470 420 2551 apud
434 2471 546 2551 ipsum
561 2467 800 2532 Gothofredum
814 2465 966 2547 deestlt).

269 2571 422 2632 Ceterum
443 2565 674 2642 Gothofredus,
690 2569 729 2628 ut
751 2565 984 2659 videturpnon
1009 2566 1043 2627 in
1065 2563 1314 2627 animo-habuit
1331 2562 1402 2626 edi·

231 2668 356 2730 tionem
370 2667 502 2747 proprie
514 2667 690 2739 instruere,
703 2665 759 2727 sed
774 2665 854 2727 satis
868 2664 965 2726 duxit
979 2663 1127 2726 codicem
1135 2663 1403 2740 Bongarsianum

232 2766 320 2848 typis
350 2765 547 2845 exprimere.
575 2765 680 2835 Quem
705 2763 913 2842 transcripsit
943 2765 1012 2825 tam
1038 2763 1185 2838 ingenua
1204 2764 1238 2824 et
1259 2761 1404 2840 simplici

230 2864 411 2942 diligentia,
440 2865 480 2924 ut
502 2862 716 2941 apographon
741 2865 973 2937 Boaparstant
1000 2860 1091 2923 illius
1121 2859 1317 2939 (Beroensts
1346 2863 1402 2921 rel

231 2956 356 3024 saeculi
370 2963 409 3022 Χἰ
424 2958 467 3023 ab
488 2960 637 3036 Hagenio
660 2958 789 3038 reperti)
808 2958 963 3038 praebeat
984 2957 1099 3020 lectori
1122 2960 1291 3031 exactum,
1308 2954 1404 3018 dum·

230 3059 329 3122 modo
348 3076 428 3121 cum
449 3059 514 3120 hoe
535 3057 701 3120 secundae
726 3055 917 3119 Gothofredi
940 3056 1094 3118 editionis
1116 3057 1212 3117 textu
1234 3055 1305 3134 ipse
1326 3071 1406 3116 con-

231 3157 317 3220 feras
343 3157 511 3219 variantes
531 3158 583 3218 sat
597 3172 722 3235 paucas
744 3155 904 3219 lectiones
920 3172 1004 3235 quas
1026 3150 1251 3234 Hagenius(3)
1277 3151 1405 3233 publici

227 3255 313 3336 juris
327 3254 416 3317 fecit.

270 3354 354 3421 (lum
375 3369 453 3414 vero
479 3356 751 3427 Bouporsteeus
767 3351 912 3431 optimae
937 3352 1046 3425 notae,
1069 3347 1343 3411 annumerandus
1363 3348 1405 3410 sit

231 3450 357 3531 primae
385 3448 531 3512 familiae
559 3466 638 3511 cum
665 3450 751 3512 CDM
787 3449 920 3524 nostris,
946 3446 1147 3510 concludere
1174 3445 1253 3509 licet
1280 3446 1405 3509 Gotho-

232 3546 372 3622 fredum,
390 3547 646 3626 transcriptione
667 3546 791 3609 codicis
813 3547 865 3610 sui
889 3547 1018 3609 sincere
1035 3546 1207 3624 impressa,
1223 3543 1345 3606 melius
1365 3543 1406 3607 de

231 3645 284 3708 his
297 3644 415 3708 studiis
429 3645 592 3707 meruisse
613 3660 715 3723 quam
735 3646 861 3706 ceteros
883 3643 941 3722 qui
962 3645 1038 3722 post
1054 3640 1280 3717 Margarinum
1299 3638 1406 3701 edide

231 3746 312 3805 runt
323 3743 476 3805 libellum
492 3745 655 3804 nostrum.

272 3842 436 3914 Ceterum,
454 3839 639 3902 notandum
658 3842 709 3903 est
722 3840 863 3902 Arevalo
879 3842 998 3901 notum
1015 3855 1086 3901 esse
1107 3853 1192 3916 opus
1214 3833 1404 3897 Gothofredi

233 3937 333 4016 quod,
356 3940 395 3999 ut
416 3937 690 4017 ostendemustl),
707 3937 831 4014 legerat
846 3955 912 4000 non
928 3939 964 3998 in
979 3938 1043 3998 hac
1058 3932 1206 3998 secunda
1228 3950 1346 3996 verum
1370 3933 1405 3993 in

233 4036 329 4099 tertia
341 4035 531 4098 Gothofredi
546 4035 700 4098 editione.

265 4225 300 4290 (l)
313 4229 326 4286 5
337 4224 369 4283 V,
383 4225 407 4288 2,
424 4225 449 4273 in
466 4224 522 4273 line.

235 4401 248 4457 ἓ
261 4324 351 4445 l(¹2)3De
367 4338 462 4373 summa
478 4327 617 4374 nostrorum
633 4323 680 4373 256
699 4324 837 4374 lemmatum
856 4324 912 4373 vido
929 4323 1027 4374 Partem
1047 4321 1112 4372 ΝΒ111
1127 4322 1232 4386 (scilicet
1247 4319 1407 4386 sequentem),

266 4491 300 4555 (3)
315 4492 360 4555 Pp.
378 4506 530 4541 exn-exsui.

267 4591 302 4655 (l)
319 4589 384 4641 lnira
399 4605 424 4655 p.
440 4590 483 4642 59.
