3256 5460
661 593 709 644 ,nn
730 592 946 642 rnsrruorns.
1362 574 1400 638 87

270 771 392 833 Utrum
415 768 529 830 autem
556 765 788 829 collectionem
803 766 953 828 nostram
967 764 1137 845 scripserit
1149 781 1276 840 annon,
1294 781 1405 846 neque

230 867 397 932 affirmare
409 883 519 946 neque
527 881 651 942 negare
664 864 753 939 licet,
778 863 849 926 sive
871 860 1044 925 confertur
1063 861 1183 928 titulus
1198 865 1311 926 noster
1325 879 1405 925 cnm
1513 852 1515 856 ’

229 966 340 1030 verbis
353 965 452 1029 modo
466 963 609 1027 laudatis
623 962 825 1026 isidorianae
841 958 1055 1041 praefationis
1078 959 1200 1040 (neque
1220 960 1311 1049 enim
1325 978 1403 1042 pro-

229 1065 342 1145 prium
370 1066 422 1126 est
441 1063 597 1143 episcopo
621 1060 813 1140 Hispalensi
831 1077 949 1122 vocem
968 1082 979 1115 ι
996 1074 1226 1122 sermonum»
1243 1075 1406 1139 usurpare

225 1162 288 1226 ubi
303 1187 318 1218 «
333 1166 548 1226 verborum»
566 1159 607 1240 [lt
623 1157 893 1240 exspectaveris),
909 1158 980 1221 sive
995 1160 1234 1238 comparantur
1247 1157 1406 1220 lemmata

230 1261 424 1324 communia
438 1258 523 1322 libro
537 1264 578 1322 cte
590 1261 809 1335 Differentits
820 1261 1007 1321 Verborum
1020 1255 1229 1339 alphabetico
1244 1260 1278 1319 et
1291 1255 1405 1320 libello

229 1363 271 1423 rte
284 1359 502 1435 Proprietete
514 1374 713 1422 sermonum
727 1359 853 1420 nostro.

271 1457 405 1520 Etenim
427 1457 546 1520 CXVII
569 1456 628 1519 illa
650 1456 846 1519 lemmatum
861 1455 954 1537 paria
972 1471 1090 1535 operae
1123 1453 1268 1535 pretium
1288 1455 1338 1516 est
1354 1470 1406 1516 or-

230 1555 356 1631 dinare,
380 1571 441 1635 pro
466 1556 506 1616 ut
527 1554 662 1618 libellus
686 1572 766 1616 oum
781 1553 865 1616 libro
889 1553 1033 1616 collatus
1057 1550 1191 1633 praebet
1213 1552 1248 1613 in
1263 1550 1405 1629 singulis

231 1653 435 1717 Differentiis

270 1750 326 1832 (A)
341 1768 400 1814 seu
414 1767 467 1813 res
482 1767 598 1828 novaS,

311 1848 360 1930 (a)
375 1853 434 1913 aut
445 1850 533 1912 idem
547 1847 656 1912 fusius

312 1949 359 2029 (b)
372 1951 431 2011 aut
445 1949 532 2011 idem
546 1952 580 2011 et
592 1948 670 2029 plus

310 2045 356 2126 (c)
370 2050 430 2109 aut
443 2046 521 2128 plus
535 2065 575 2110 ac
588 2048 704 2110 minus

309 2143 360 2227 (ct)
374 2148 434 2208 aut
446 2145 576 2209 diversa
590 2146 730 2209 omnino

270 2263 323 2342 (Β)
338 2279 397 2326 seu
409 2280 462 2326 res
473 2263 545 2343 J'am
560 2266 659 2326 antea
673 2264 852 2343 expositae,

309 2360 358 2441 (v)
372 2364 432 2424 aut
445 2361 532 2423 idem
546 2362 660 2425 itidem

307 2459 361 2538 (m)
374 2462 434 2521 ant
445 2458 532 2521 idem
547 2460 699 2522 similiter

311 2557 359 2638 (ιι)
373 2561 433 2620 aut
420 2558 534 2620 tidem
547 2557 681 2621 brevius

310 2655 323 2734 t
325 2656 433 2736 etlam
448 2673 516 2718 non
513 2656 631 2732 plane
645 2656 733 2719 idem
748 2656 804 2719 sed
818 2656 919 2736 paulo
934 2658 1059 2719 minus.

268 2755 340 2826 Quo
375 2754 584 2818 commodius
613 2755 718 2818 lector
745 2771 873 2834 aequus
904 2756 938 2817 in
942 2755 1075 2832 ttellega
1103 2755 1182 2836 quid
1208 2754 1272 2818 sibi
1299 2752 1404 2816 velint

228 2852 382 2917 rubricae
397 2857 541 2929 nostrae,
559 2853 798 2934 subjungimus
813 2854 877 2919 sub
896 2855 1039 2931 singulis
1057 2854 1138 2917 bina
1158 2852 1311 2933 exempla
1330 2849 1401 2932 (ubi

228 2954 385 3015 nummus
408 2951 550 3014 arabicis
576 2953 727 3016 numeris
756 2953 914 3016 lemmata
941 2952 1018 3015 libri
1046 2953 1167 3028 nostri,
1195 2955 1228 3014 et
1253 2950 1400 3014 romanis

226 3048 400 3130 alterinsl:

803 3165 826 3210 a

267 3283 550 3344 blaterantem
565 3283 598 3343 et
612 3284 783 3344 neminem
799 3282 863 3345 hoo
875 3283 1013 3346 interest
1030 3283 1119 3363 quod
1139 3282 1255 3345 nullus
1269 3282 1309 3344 ad
1324 3282 1400 3344 uni·

227 3394 324 3442 versa
338 3382 396 3458 pot
397 3381 448 3440 est
435 3377 587 3454 traferri,
605 3396 704 3442 nemo
719 3380 760 3442 ad
774 3381 1017 3457 hominem3et
1003 3383 1085 3444 ttes
1104 3397 1202 3444 nemo
1222 3381 1318 3459 quasi
1338 3397 1399 3442 nec

225 3475 338 3539 homo.

267 3575 535 3638 CCCLXXXVII.
553 3577 645 3638 luter
656 3581 828 3640 neminem
841 3579 876 3638 et
889 3582 1031 3640 nultnrm.
1046 3577 1223 3639 Neminem
1237 3576 1277 3639 ad
1291 3577 1398 3640 homi-

226 3691 303 3736 nem
317 3672 504 3748 referimus,
520 3672 636 3737 nullus
650 3674 691 3737 ad
706 3675 830 3737 omnia.

803 3838 821 3896 b

266 3966 451 4032 tentator
474 3970 683 4045 ternperantt
683 3985 753 4044 am,
769 3972 1050 4046 temperationem
1068 3973 1101 4032 et
1122 3971 1318 4046 temperiem
1332 3971 1396 4033 boc

225 4067 363 4129 interest
384 4066 513 4146 quodt
514 4070 688 4146 emperant
689 4068 721 4129 ia
743 4068 934 4130 anirnorum
962 4071 1022 4141 est,
1050 4068 1243 4148 temperatio
1272 4085 1394 4144 rerum,

226 4166 401 4246 temperies
416 4182 586 4227 aurarum

255 4429 290 4491 (l)
300 4429 336 4478 Ita
349 4443 371 4477 a.
397 4442 420 4491 g.
436 4428 530 4478 Nonius
544 4430 678 4481 Marcellus
693 4431 782 4480 librum
802 4432 914 4482 inscribit
937 4437 1050 4496 quartum
1065 4453 1077 4478 a
1087 4432 1123 4482 Da
1138 4433 1205 4483 varia
1222 4433 1397 4498 significatione

226 4515 376 4550 sermonum
392 4519 414 4551 υ.
440 4500 552 4550 Attamen
576 4503 707 4552 notandum
735 4508 774 4552 est
796 4504 969 4567 praefationem
991 4504 1158 4555 isidorianam
1183 4504 1248 4555 haud
1274 4520 1345 4554 accus
1368 4518 1398 4556 ιο

228 4571 324 4620 titulum
337 4575 448 4621 nostrum
458 4571 574 4637 junpere
588 4572 638 4623 dno
649 4575 725 4624 verba
738 4575 891 4639 Proprietas
904 4589 1062 4626 sermonum.
1079 4575 1128 4626 llas
1142 4575 1217 4627 dubia
1232 4581 1324 4627 manat.
