3256 5460
231 553 269 616 00
434 567 477 612 ns
498 566 594 614 urano
617 537 657 611 br
670 565 886 610 ruoarrarara
899 567 1061 612 suanoruu
1081 528 1161 614 rans
1181 567 1214 612 ιιι

231 741 343 804 Hainii
378 740 413 803 in
449 738 664 803 recensendis¹
694 739 770 802 XVi
805 738 931 801 saeculi
965 736 1166 802 editionibus
1199 736 1407 817 diligentiam

234 838 365 917 effugit.

270 937 413 1012 Etenim,
430 939 469 998 ut
482 953 561 998 mox
577 934 791 998 ostendemus
805 935 984 999 Arevalum
998 934 1177 998 editionem
1196 936 1310 998 ΧΙΧιω
1327 952 1407 998 nos-

231 1038 315 1097 tram
340 1034 455 1115 (quam
478 1034 578 1097 etiam
600 1033 743 1097 Orellius
768 1034 945 1114 ignoravit)
971 1037 1039 1096 tam
1062 1032 1236 1097 luculenta
1258 1033 1407 1115 descrip-

230 1134 321 1196 tione
341 1151 459 1196 ornare
482 1136 521 1195 nt
544 1149 602 1212 per
627 1132 725 1194 illum
750 1131 846 1196 nobis
875 1133 974 1195 liceat
994 1132 1170 1212 septimam
1193 1134 1344 1196 nostram
1366 1167 1405 1177 —

230 1233 425 1295 summatim
440 1234 542 1312 atque
560 1230 660 1293 etiam
681 1230 789 1294 levius
812 1249 832 1293 a
855 1230 954 1292 Tullii
978 1229 1101 1293 editore
1123 1233 1344 1293 memoratam
1365 1266 1407 1277 —

230 1347 437 1410 pernoscere,
453 1330 511 1402 ita,
534 1328 590 1391 hic
604 1345 672 1408 quo
686 1328 910 1409 pervenimus,
927 1327 1109 1392 isidoriana
1123 1328 1256 1391 Arevali
1276 1327 1404 1391 felicis-

230 1429 313 1491 sime
327 1428 485 1508 supplent
504 1427 615 1489 Orellii
635 1427 866 1501 Ciceroniana;
886 1430 988 1506 atque
1008 1425 1121 1488 itidem
1145 1425 1306 1506 praefatio
1326 1427 1407 1489 Are·

230 1527 363 1589 valiana
391 1524 488 1588 nobis
516 1525 703 1606 suppeditat
736 1528 934 1602 argumenta
962 1522 1141 1587 manifesta
1166 1541 1253 1604 quae
1280 1524 1406 1588 contir-

230 1627 323 1688 ment
346 1625 533 1701 Hagenium
549 1641 646 1686 suam
660 1609 929 1686 Differentiamm
944 1622 1176 1686 collectionem
1192 1640 1260 1686 non
1277 1644 1293 1683 (ι
1310 1623 1405 1686 evul-

231 1723 558 1802 gavisseprimum».

269 1821 419 1883 Ostendit
431 1820 628 1883 Arevaliana
638 1820 723 1883 X1³⁰
733 1820 886 1883 editionis
900 1823 1032 1883 nostrae
1040 1819 1216 1901 descriptio
1224 1822 1257 1883 et
1267 1820 1406 1883 titulum

231 1923 272 1981 cte
288 1921 469 1996 Eteaarttta
485 1919 598 1999 (quem
613 1919 647 1980 in
662 1919 790 1994 decima
802 1917 989 1981 delinienda
1004 1934 1072 1980 non
1087 1918 1233 1997 explicat
1247 1917 1406 1996 Orellius)

232 2017 442 2080 Differentias
464 2016 635 2094 designare
643 2018 699 2098 (1),
717 2052 753 2062 —
778 2021 810 2079 et
825 2020 907 2079 ΧΙ8111
923 2018 1072 2079 nostram
1086 2015 1317 2097 gemellamffl)
1330 2034 1406 2080 esse

230 2115 333 2190 illius,
360 2133 446 2195 quae
470 2116 577 2196 prima
600 2115 803 2196 quinque(3)
822 2132 975 2179 sororum
994 2114 1127 2190 incedit,
1144 2114 1301 2188 decimae,
1317 2149 1353 2163 -
1372 2119 1406 2178 et

230 2215 318 2276 hanc
346 2215 428 2277 XIam
457 2213 659 2293 persimilem
673 2201 759 2275 ‘esse
783 2215 888 2275 ΧΙΧἔω
916 2216 1048 2275 nostrae
1075 2211 1177 2291 (narn,
1206 2229 1404 2292 quanquam

229 2309 428 2373 affinitatem
440 2311 601 2373 Arevalus
614 2328 657 2392 ne
671 2310 794 2373 indicat
806 2310 951 2390 quidem,
965 2313 1108 2389 utraque
1123 2308 1258 2389 praebet
1271 2309 1404 2372 easdem

230 2407 441 2472 Differentias
457 2407 520 2471 sub
531 2409 647 2472 eodem
663 2409 760 2472 titulo
775 2414 815 2472 ete
830 2412 1038 2485 Differeattts
1055 2411 1227 2472 Ciceroatr
1244 2411 1281 2470 ta
1300 2412 1404 2471 rebus

231 2514 341 2573 dubita
355 2511 431 2589 post
446 2508 559 2571 eadem
579 2511 773 2583 sucaranae
796 2512 967 2572 Ciceronis
989 2512 1023 2570 et
1043 2510 1122 2570 ante
1146 2507 1277 2570 easdem
1299 2509 1404 2584 Dtffe-

229 2610 361 2671 reattas
374 2610 628 2670 Bartholomaet
638 2606 752 2687 fatti),
762 2642 796 2650 -
809 2608 842 2668 et
852 2605 994 2668 Paulum
1004 2606 1161 2669 Alexium
1172 2605 1402 2686 sulpitianum

227 2707 445 2786 provinciam,
469 2708 509 2767 ut
536 2704 676 2778 videtur,
704 2705 890 2784 suscepisse
913 2704 1192 2767 recensendamm
1214 2704 1401 2767 editionum

226 2804 346 2866 harum
360 2804 396 2866 in
410 2820 512 2866 usum
527 2803 730 2866 scholarum.
749 2804 832 2865 Cum
850 2805 899 2864 tot
912 2818 965 2864 res
981 2805 1015 2864 et
1036 2804 1104 2864 tam
1119 2803 1230 2865 variae
1245 2819 1302 2882 per
1323 2804 1402 2864 Are·

226 2902 341 2964 valum
374 2904 542 2975 constent,
568 2918 637 2963 non
672 2900 822 2962 alienum
855 2917 928 2962 esse
966 2898 1008 2962 ab
1038 2900 1171 2980 incepto
1205 2899 1400 2980 putavimus

234 3000 389 3081 (demptis
399 2999 497 3063 modo
510 2998 800 3080 objurgationibus
814 2998 878 3078 piis
893 2997 1017 3078 quibus
1038 2998 1170 3061 Fatium
1184 2999 1400 3078 prosequitur

225 3097 403 3179 Arevalus)
426 3098 481 3161 hic
504 3098 649 3160 inserere
663 3098 709 3177 (t)
733 3096 942 3159 luculentam
966 3096 1220 3177 descriptionem
1242 3095 1398 3160 editionis

225 3202 358 3261 nostrae
388 3199 462 3259 liiae
484 3213 587 3277 quam
608 3198 766 3259 strenuus
789 3195 899 3257 ilicet
920 3194 1001 3257 felix
1028 3194 1196 3258 interdum
1231 3197 1399 3258 scrutator

224 3296 378 3359 codicum
398 3297 629 3359 Romanorum
655 3294 742 3358 eruit
764 3294 853 3356 intra
883 3291 963 3356 folia
993 3310 1097 3356 manu
1123 3293 1246 3373 scripta
1273 3293 1398 3357 codicis

226 3394 380 3458 Vaticani
396 3397 484 3456 2930.

267 3591 302 3655 3.
322 3626 358 3636 -
375 3594 517 3655 Italicae
531 3592 692 3653 eatttoaes
719 3593 803 3652 aaut
831 3589 918 3650 0490
947 3591 988 3650 ab
1011 3592 1160 3651 Areuato
1178 3591 1209 3651 et
1225 3603 1398 3652 aratrorum

230 3691 327 3762 rtet,
349 3690 446 3765 taes,
464 3691 550 3752 0000
562 3693 603 3753 ab
619 3692 746 3752 Hatato
760 3689 962 3764 descriptae.
974 3722 1014 3731 —
1028 3705 1043 3747 ι
1059 3689 1098 3750 In
1110 3686 1223 3750 codice
1232 3688 1397 3750 Vaticano

255 3955 289 4019 (l)
305 3954 343 4005 Oi.
360 3955 423 4006 inira
437 3969 461 4018 p.
474 3953 538 4005 i3a.
554 3954 577 4003 6.

255 4055 288 4118 (t)
299 4054 366 4102 Idem
380 4058 419 4102 est
433 4053 517 4102 titulus
532 4056 556 4101 et
570 4053 650 4101 editor
664 4052 743 4113 idem3
759 4052 793 4099 ci.
812 4066 836 4115 p.
856 4051 885 4100 43
898 4067 920 4101 a.
937 4051 963 4102 6.

256 4151 291 4214 (3)
301 4149 401 4201 Ceterae
416 4155 531 4215 quattuor
546 4164 593 4200 uno
607 4151 703 4213 agmine
718 4154 876 4199 numerantur
892 4150 957 4212 apud
972 4149 1090 4200 Orellium
1111 4150 1136 4198 in
1149 4150 1196 4200 dne
1211 4165 1235 4214 p.
1249 4150 1305 4209 379,
1318 4154 1334 4202 t.
1354 4150 1395 4210 Vl,

226 4227 297 4286 atque
314 4223 371 4272 ilem
388 4221 453 4285 apud
470 4221 582 4272 Heinium
598 4220 735 4270 5351-5357
757 4221 799 4283 qui
820 4220 929 4270 breviter
950 4223 974 4270 et
998 4221 1135 4271 summatim
1155 4220 1282 4285 redegisse
1298 4221 1396 4272 videtur

226 4293 415 4355 descriptionem
442 4293 576 4342 editionum
601 4306 662 4355 quus
681 4306 795 4341 vocamus
819 4290 894 4340 xiim
920 4295 946 4342 et
969 4291 1070 4344 Xlllffl.
1102 4291 1164 4342 Vide
1191 4294 1255 4342 enim
1283 4293 1395 4343 loliorum

227 4378 333 4414 summas
347 4365 372 4413 et
385 4365 416 4412 ci.
435 4378 510 4426 supra
524 4364 655 4413 editionem
669 4363 812 4413 secundam.

258 4463 292 4528 (4)
309 4463 337 4512 Ιιι
361 4461 465 4512 Arevalo
487 4460 682 4523 transcribendo,
700 4461 788 4512 litteris
811 4461 949 4511 notabimus
972 4462 1146 4515 rarioribus
1166 4478 1228 4528 quae
1242 4464 1396 4516 Differentiae

227 4535 325 4602 proprie
341 4537 452 4600 speciant
464 4537 575 4598 nostras..
