3256 5460
273 574 291 636 8
540 591 581 635 nn
603 592 699 636 niano
722 592 762 634 nn
776 592 994 637 rnorrunrrrn
1008 592 1173 636 sausoure

312 762 360 822 De
374 759 458 822 libro
474 763 586 822 autem
603 764 717 823 nostro
734 762 816 822 nihil
832 758 900 821 fere
914 761 1057 832 constat,
1080 761 1208 837 praeter
1227 759 1376 821 virorum
1390 760 1444 822 vel

270 859 540 921 doctissimorum
558 859 748 939 errores(l).
776 861 928 921 Ceterum
943 856 1104 918 editiones
1126 873 1216 918 anno
1233 860 1310 920 1602
1329 874 1442 920 recen·

271 957 370 1018 tiores
385 957 561 1018 universae
576 956 805 1018 transcribunt
819 957 944 1035 priores
959 971 1045 1034 qnae
1059 971 1180 1033 pravae
1194 959 1274 1016 sunt
1284 955 1336 1034 (2).

311 1056 394 1117 Cum
409 1055 510 1131 igitur
525 1058 637 1117 textus
654 1058 766 1116 noster
780 1054 930 1116 nondum
943 1052 1139 1114 emendatus
1163 1053 1217 1127 sit,
1241 1070 1309 1115 non
1329 1057 1443 1116 actum

270 1153 411 1229 agimus,
428 1151 605 1214 editionem
621 1156 787 1232 parantes,
805 1151 904 1232 cujus
918 1152 983 1212 hoc
998 1149 1201 1230 opusculum
1220 1150 1355 1230 praebet
1368 1169 1443 1231 pro-

270 1251 445 1328 legomena
458 1250 511 1312 vel
529 1252 641 1330 potius
655 1251 738 1313 duas
753 1251 1012 1330 prolegomenon
1026 1251 1136 1328 partes
1153 1267 1159 1308 z
1178 1265 1324 1328 namque
1342 1249 1382 1311 de
1396 1251 1443 1312 IX

270 1347 451 1424 codicibus,
469 1365 554 1428 quos
569 1349 715 1426 integros
731 1364 810 1410 cum
823 1351 918 1409 textu
934 1350 1049 1408 nostro
1065 1347 1216 1408 Lutetiae
1227 1348 1440 1422 Parisiorum,

269 1448 405 1521 Romae,
435 1445 610 1507 Mediolani
630 1445 849 1520 contulimus,
872 1442 1033 1524 pauca(3)
1048 1446 1181 1505 tantum
1194 1444 1354 1506 disserere
1368 1461 1443 1524 pos-

270 1561 388 1606 sumus
403 1544 437 1604 in
454 1543 517 1605 hac
538 1543 655 1605 saltem
671 1544 777 1617 thesi3
805 1543 861 1604 cui
885 1543 1058 1604 materiam
1085 1542 1176 1616 satis,
1201 1544 1238 1602 ut
1257 1558 1441 1622 speramus,

270 1642 417 1722 amplam
441 1639 655 1720 suppeditant
678 1640 838 1702 editiones
865 1641 1018 1713 XXVIII,
1042 1655 1187 1719 quarum
1205 1638 1442 1719 descriptiones
1515 1722 1516 1725 Ἴ

269 1740 418 1819 undique
426 1742 600 1815 congestas
609 1740 706 1818 primi
715 1740 749 1800 in
761 1738 949 1814 catalogum
961 1728 1444 1813 ordinavimusettestimonia

270 1836 338 1900 fere
352 1838 530 1898 innumera
546 1853 632 1915 quae
646 1835 686 1898 ad
701 1834 924 1898 emendandas
938 1833 1149 1897 Differentias
1164 1834 1372 1912 collegimus.

310 1937 360 1996 Ex
375 1933 577 1996 editionibus
591 1936 732 1996 XXVIII
747 1951 832 2013 quas
857 1932 1008 2009 catalogo
1029 1936 1143 1996 nostro
1166 1950 1440 2006 annumeramus,

269 2037 302 2095 et
329 2050 348 2094 e
375 2033 513 2111 reliquis
541 2049 625 2112 quas
649 2031 829 2111 aliquando
856 2035 1011 2093 accurate
1035 2047 1272 2105 memoramus,
1300 2029 1444 2093 fatemur

270 2131 404 2212 quidem
420 2147 481 2192 nos
497 2133 657 2209 quattuor
671 2147 740 2192 non
755 2129 900 2209 amplius
915 2129 955 2192 ad
968 2146 1091 2193 manus
1106 2128 1275 2205 habuisse,
1288 2131 1444 2207 Margari-

273 2231 420 2303 nianam,
437 2229 579 2309 primam
594 2228 729 2306 Breulii‚
755 2228 937 2290 secundam
963 2226 1166 2303 Gothofredi‚
1189 2228 1439 2293 Arevalianam.

274 2326 347 2402 Sed,
366 2328 430 2389 nisi
445 2343 579 2406 operam
603 2328 741 2389 omnino
763 2326 902 2407 perdidit
925 2328 976 2387 vir
997 2328 1218 2406 peritissimus
1241 2328 1384 2407 quisque
1408 2328 1441 2389 in

271 2429 341 2488 arte
355 2424 618 2503 bibliographica
633 2426 714 2486 etin
731 2424 849 2487 studiis
864 2424 1145 2499 Differentiarum‚
1174 2443 1243 2486 non
1264 2425 1348 2486 nihil
1363 2427 1443 2488 certi

271 2522 428 2586 concludi
443 2525 552 2603 potest
577 2540 596 2585 e
620 2522 750 2585 collatis
775 2521 1054 2603 descriptionibus
1073 2539 1157 2602 quas
1173 2522 1270 2586 nobis
1285 2522 1445 2603 praebent

271 2623 297 2685 I.
326 2623 364 2682 Α.
402 2619 592 2693 Fabricius,
620 2621 780 2694 Heinius,
814 2622 998 2694 BrunetuS‚
1041 2621 1231 2693 Preussius,
1268 2621 1442 2696 Arevalus,

271 2717 1443 2796 OrelliuS,Handius‚Rothius,Reifferscheidius,Halmius,HageniuS,

270 2815 415 2879 Beckius
430 2819 462 2878 et
475 2815 559 2878 liber
575 2817 633 2895 qui
649 2816 843 2880 inscribitur
871 2819 1054 2892 celatoque
1074 2815 1216 2892 carcerat
1238 2821 1296 2880 des
1319 2822 1444 2879 Manu-

270 2916 374 2978 scrtts
403 2919 460 2977 des
486 2914 732 2990 bibliothecam
757 2919 935 2990 publicatos
962 2918 1020 2977 des
1043 2914 1313 2990 concremento.
1348 2916 1445 2978 Haud

272 3014 420 3076 alienum
435 3030 507 3075 esse
521 3030 541 3074 a
555 3029 589 3075 re
604 3015 798 3092 putavimus
813 3013 1006 3075 testimonia
1019 3013 1156 3074 illorum
1178 3011 1377 3075 confirmare
1392 3013 1445 3075 vel

272 3113 405 3192 explere
417 3111 470 3173 vel
485 3112 648 3188 corrigere
662 3112 785 3173 collata
799 3112 853 3173 vel
866 3113 953 3173 inter
968 3128 1014 3185 se,
1030 3111 1083 3173 vel
1099 3128 1178 3174 cum
1192 3110 1374 3184 codicibus,
1391 3111 1443 3173 vel

273 3227 352 3272 cum
366 3208 568 3272 editionibus
582 3227 666 3290 quas
693 3211 726 3271 in
744 3214 903 3290 promptu
925 3209 1107 3273 habuimus
1126 3210 1180 3272 vel
1205 3209 1322 3286 (sicubi
1343 3211 1445 3272 resin

271 3312 399 3372 incerto
414 3307 583 3385 manebat)
593 3325 672 3370 cum
681 3310 853 3388 responsis
867 3326 954 3388 quae
964 3308 1214 3371 sciscitantibus
1230 3307 1328 3371 nobis
1342 3308 1445 3370 reddi-

273 3409 394 3471 derunt
407 3407 469 3468 viri
484 3406 572 3469 docti
587 3410 620 3468 et
634 3405 788 3482 officiosi,
807 3408 865 3469 Cu.
884 3408 1092 3482 Bnuuounm,
1110 3404 1300 3469 Praefectus
1323 3405 1447 3469 Biblio-

274 3502 391 3564 thecae
404 3503 639 3567 Universitatis
661 3505 868 3581 Basiliensis,
885 3508 918 3567 et
931 3508 970 3567 A.
987 3505 1134 3581 Fncnur,
1149 3503 1339 3567 Praefectus
1353 3506 1447 3567 Mon-

274 3601 566 3682 tepessulanaell),
596 3622 613 3665 e
655 3605 824 3666 Lucrinus
839 3607 982 3666 Auvnsr
1011 3606 1112 3683 atque
1127 3604 1281 3666 Chnonus
1308 3604 1446 3666 Bounnn

275 3716 317 3760 nn
341 3715 385 3760 LA
413 3700 595 3779 Reuersus,
626 3702 822 3765 Provinciae
850 3702 1009 3764 Codicum
1036 3702 1071 3763 in
1101 3700 1308 3763 Bibliotheca
1332 3705 1446 3765 nostre

275 3797 444 3858 Nationali
458 3804 696 3878 propraetores,
723 3803 757 3861 et
780 3801 812 3862 J.
840 3801 887 3862 Ln
902 3801 980 3875 Hm,
1005 3800 1232 3862 Bibliothecae
1246 3799 1445 3863 Rhodonum

276 3895 487 3974 Municipalis
514 3895 714 3972 Praefectus,
744 3902 777 3960 et
802 3898 893 3962 illius
921 3897 1071 3978 Adjutor,
1101 3898 1161 3959 Tu.
1199 3900 1320 3973 Auem,
1358 3916 1445 3979 quos

276 3994 414 4056 honoris
429 4012 531 4057 causa
547 3997 772 4058 nominamus.

309 4208 343 4270 (l)
360 4208 425 4258 Vide
438 4224 467 4272 p.
485 4209 525 4259 30.

309 4279 494 4342 fflffipffl

310 4349 344 4412 (3)
360 4350 396 4401 Cf.
413 4365 437 4413 p.
452 4351 492 4402 65.

311 4421 344 4483 (1)
360 4421 386 4469 ln
401 4437 449 4485 qua
463 4427 575 4471 servatur
590 4424 631 4471 ille
646 4423 726 4472 {1306
741 4423 817 4471 codex
833 4423 870 4470 vel
883 4422 965 4485 potius
975 4421 1113 4470 Thesaurus
1128 4421 1324 4472 Differentiarum
1338 4424 1380 4486 qui
1395 4423 1450 4473 fons

280 4497 317 4541 est
340 4493 410 4541 frusti
430 4494 496 4557 quod
521 4494 631 4542 Handius
653 4495 685 4556 (a.
702 4493 782 4558 1848),
809 4493 961 4542 collectionis
982 4506 1053 4556 quam
1071 4492 1221 4556 Rothiusle.
1236 4494 1318 4556 1858),
1335 4493 1449 4558 syllogus

280 4577 352 4626 quem
367 4563 470 4613 Beckius
485 4566 516 4628 (a.
533 4564 613 4628 1883),
630 4566 757 4628 fragmenti
772 4565 836 4628 quod
849 4565 915 4614 idem
928 4564 960 4628 (a.
976 4562 1047 4628 1881)
1062 4565 1256 4627 publicaverunt.
1362 4585 1368 4595 ·
