3256 5460
686 582 879 628 ranerius.
1349 568 1367 630 9

235 753 438 815 Testimonia
457 769 536 814 vero
555 751 596 814 ad
615 750 826 814 Differentias
846 750 1068 813 emendandas
1089 749 1185 813 nobis
1212 750 1369 830 praebue-

196 855 276 912 runt
289 853 404 926 Varro,
426 851 555 920 Festus,
579 850 715 924 Paulus,
737 849 874 923 Gellius,
896 850 1039 923 Nonius
1060 850 1208 924 Servius,
1226 850 1368 913 Pseudo-

197 950 336 1025 servius,
361 948 677 1024 Pseudosuetonius‚
701 947 864 1021 Isidorus,
888 951 1042 1010 auctores
1063 949 1192 1028 aliquot
1212 950 1307 1022 varii,
1330 983 1368 994 -

196 1049 309 1127 Caper,
329 1048 522 1124 Agroecius,
543 1046 641 1121 Beda,
662 1046 818 1120 Albinus,
842 1044 1093 1118 Pseudofront0,
1118 1046 1238 1127 reliqui
1258 1063 1370 1124 gram·

196 1147 310 1208 matici
337 1146 452 1219 Keilii,
477 1181 513 1190 -
539 1143 723 1221 fragmenta
745 1143 879 1217 Handii,
903 1145 1054 1220 Hagenii‚
1077 1143 1192 1206 Beckii
1214 1162 1300 1225 quae
1326 1145 1368 1208 ab

196 1243 311 1306 eodem
325 1243 507 1323 archetypo
524 1243 664 1322 pendere
678 1241 849 1315 docemus,
866 1277 902 1285 —
918 1240 1062 1324 denique
1077 1242 1368 1321 Montepessulana

196 1359 317 1419 magna
333 1341 468 1422 Sylloge
480 1339 605 1402 Beckii.
620 1341 739 1402 Omnia
754 1339 811 1402 illa
827 1341 1017 1402 testimonia
1031 1339 1229 1416 digessimus
1241 1341 1277 1402 in
1291 1343 1369 1403 XVI

196 1439 326 1502 loculos
348 1438 481 1501 tabulae
502 1439 748 1518 comparativae
768 1455 826 1517 per
847 1454 961 1516 quam,
982 1441 1021 1499 ut
1039 1445 1223 1518 speramus,
1245 1439 1369 1503 criticis

196 1536 309 1601 licebit
328 1555 397 1600 non
418 1537 517 1600 modo
539 1536 750 1599 Differentias
773 1539 807 1598 et
833 1539 964 1598 nostras
987 1539 1020 1598 et
1045 1536 1165 1600 alteras
1195 1537 1369 1600 emendare

198 1654 312 1700 verum
327 1637 428 1699 etiam
444 1635 610 1699 nonnulla
628 1635 815 1698 discernere
833 1634 873 1696 de
892 1632 1042 1697 sontibus
1057 1638 1090 1696 et
1104 1635 1144 1698 de
1157 1633 1322 1699 affinitate
1336 1640 1369 1698 et

195 1735 235 1796 de
261 1732 485 1797 imitatoribus
513 1735 681 1796 variarum
709 1733 960 1794 collectionum.
986 1733 1104 1812 ltaque
1132 1749 1200 1794 non
1229 1734 1368 1796 omnino

197 1848 483 1912 supervacaneum
499 1835 550 1893 est
570 1831 658 1910 quod
677 1832 760 1893 haec
781 1830 1016 1910 prolegomena
1040 1830 1177 1908 paginas
1199 1830 1370 1911 complent

197 1931 308 2011 plures
324 1946 426 2010 quam
442 1933 554 1993 textus
566 1930 656 1993 haud
670 1931 717 1992 ita
731 1929 863 2009 amplus
879 1928 1075 1990 lemmatum
1091 1932 1148 1990 256
1164 1931 1368 1991 nostrorum.

237 2030 390 2091 Ceterum
404 2029 476 2108 ipse
490 2026 573 2090 liber
587 2033 627 2091 de
641 2030 859 2104 proprietate
868 2031 1070 2091 Sermonum
1083 2027 1249 2089 immerito
1260 2028 1369 2105 negle-

196 2126 345 2203 gebatur.
358 2127 491 2188 Etenim
506 2127 664 2189 lemmata
679 2143 747 2187 non
762 2142 869 2206 pauca
884 2125 1029 2187 servavit
1042 2142 1129 2204 quae
1142 2123 1251 2187 bonae
1265 2124 1370 2203 frugis

197 2229 287 2287 sunt.
306 2225 480 2288 Nonnulla
504 2226 604 2286 etiam
625 2242 666 2286 ex
688 2225 828 2303 antiquo
848 2222 940 2285 fonte
964 2223 1137 2285 manantia
1159 2223 1251 2286 solus
1272 2223 1369 2287 nobis

197 2324 338 2387 tradidit.
355 2327 406 2386 Ita
421 2342 449 2387 e.
470 2340 502 2400 g.
523 2323 646 2385 lemma
667 2327 703 2385 96
720 2325 873 2385 nostrum
886 2321 937 2401 (ut
948 2322 1078 2401 reliqua
1092 2322 1184 2385 illius
1199 2320 1300 2385 verba
1313 2324 1369 2386 bic

197 2423 404 2502 omittamus)
433 2420 568 2502 praebet
599 2419 742 2483 verbum
772 2423 890 2497 tueuru
906 2440 918 2493 ,·
941 2420 1083 2497 legimus
1112 2420 1202 2481 enim
1229 2443 1242 2477 r
1274 2421 1366 2498 tudo,

198 2525 318 2598 eutius
335 2536 427 2597 aqud
445 2521 654 2582 deducitur»
672 2536 752 2581 cum
771 2517 943 2581 codicibus
960 2521 993 2579 et
1008 2518 1134 2598 primae
1148 2516 1266 2581 classis
1281 2519 1321 2598 (D
1337 2520 1369 2580 M

198 2621 321 2684 nostris
334 2619 381 2700 (l)
408 2636 448 2682 ac
475 2617 765 2697 Bouparstouolil
793 2614 995 2697 Gothofredi)
1022 2620 1055 2679 et
1083 2616 1248 2680 secundae
1264 2617 1302 2696 (R
1322 2615 1369 2697 (3)

199 2718 336 2799 nostro).

237 2816 376 2879 Videtur
396 2819 509 2878 autem
532 2813 673 2878 verbum
697 2813 786 2894 quod
805 2817 856 2876 est
876 2836 889 2870 r
911 2817 973 2877 toc
996 2816 1116 2890 iugum
1138 2835 1151 2867 »
1170 2810 1241 2893 Jam
1262 2815 1370 2875 aetate

199 2918 240 2979 M.
258 2915 358 2978 Tullii
378 2915 555 2978 exstitisse.
577 2917 617 2976 In
636 2914 786 2976 oratione
808 2913 899 2975 enim
923 2929 1025 2992 quam
1048 2910 1168 2974 babuit
1187 2927 1246 2991 pro
1265 2910 1369 2975 Balbo

199 3013 282 3094 (XX,
313 3012 373 3094 it),
402 3013 515 3076 Cicero
543 3013 749 3074 mentionem
775 3009 855 3073 facit
883 3010 1030 3072 consulti
1056 3026 1157 3090 quem
1187 3013 1369 3086 duetorem

201 3114 386 3192 nuncupat.
403 3113 451 3173 De
470 3127 537 3190 quo
560 3111 644 3173 nibil
664 3109 797 3189 quidem
810 3109 945 3172 aliunde
958 3108 1055 3172 nobis
1070 3111 1280 3189 compertum
1294 3112 1345 3171 est
1361 3127 1367 3183 ;

199 3208 300 3272 verba
313 3227 391 3273 vero
404 3209 557 3272 Tulliana
582 3208 750 3290 perlucido
770 3225 872 3271 sensu
889 3210 1056 3271 ostentare
1070 3207 1226 3269 videntur
1243 3212 1367 3284 dueto-

198 3324 275 3371 uem
289 3307 386 3369 illum
401 3306 525 3370 famam
539 3307 696 3387 adeptum
714 3324 787 3369 esse
803 3306 892 3385 quod
910 3306 1022 3380 unice,
1038 3304 1170 3367 assidue
1183 3322 1223 3367 ac
1238 3305 1370 3385 peritis-

199 3407 281 3469 sime
304 3409 456 3469 versatus
484 3406 582 3468 sitin
605 3403 858 3484 quaestionibus
879 3404 920 3466 de
939 3406 1040 3480 tugis.
1071 3404 1160 3465 Haec
1180 3404 1270 3464 enim
1289 3402 1370 3465 dicit

199 3507 332 3567 orator:

229 3750 264 3812 (1)
279 3750 314 3801 De
333 3751 411 3800 tribus
425 3750 537 3800 codicum
562 3756 699 3801 nostrorum
718 3751 848 3811 classibus,
872 3751 907 3800 ci.
927 3765 956 3814 p.
976 3749 1016 3799 dl.
1040 3776 1071 3787 -
1095 3748 1178 3799 Codex
1198 3749 1232 3797 Ιιο
1249 3750 1369 3800 classisC

199 3821 287 3871 omittit
303 3821 419 3871 lemmata
433 3821 523 3872 87-96.

230 3909 263 3974 (2l
278 3910 313 3961 De
327 3926 384 3975 quo,
400 3911 432 3959 cl.
445 3926 470 3974 p.
485 3911 524 3960 57.

233 4001 266 4064 (3)
281 4000 395 4064 Reliquos
409 4000 455 4050 11³0
469 4001 557 4050 classis
576 4001 674 4050 codices
689 4001 708 4049 Γ
723 4001 748 4050 ss
763 4020 778 4064 φ
793 4007 890 4051 nostros
900 4003 1009 4051 omittere
1023 4001 1135 4051 lemmata
1148 4001 1235 4052 itt-til
1252 4002 1368 4051 docemus

201 4087 227 4135 p.
244 4073 285 4123 65.
306 4099 336 4110 -
358 4073 377 4122 E
397 4072 525 4122 codicibus
552 4072 640 4122 elassis
658 4073 714 4122 Illae
731 4074 840 4134 nostris,
860 4074 880 4123 Β
899 4074 987 4123 omittit
1008 4074 1112 4134 lemma;
1138 4073 1158 4120 V
1182 4073 1283 4136 praebet
1304 4075 1369 4137 tuga

200 4147 240 4194 eat
256 4144 465 4194 tristrumentum
481 4159 532 4210 quo
545 4158 618 4210 aqua
633 4143 775 4194 deducitur
789 4149 814 4193 et
830 4145 856 4193 in
867 4145 986 4193 lemmatis
1000 4144 1071 4193 titulo
1082 4144 1171 4195 scribit
1189 4144 1264 4194 luter
1282 4150 1370 4208 iopam

202 4219 227 4265 et
238 4219 339 4280 lugam.
356 4215 404 4267 Sed
420 4216 507 4279 reliqui
523 4216 548 4264 in
564 4216 634 4265 titulo
649 4219 715 4280 tuqa
727 4222 786 4278 (non
800 4217 899 4279 lupam)
913 4220 938 4265 et
952 4215 976 4264 in
991 4215 1101 4264 lemmate
1116 4214 1242 4277 praebent.
1258 4214 1369 4264 &terum

202 4286 226 4334 in
241 4285 326 4336 codice
340 4285 371 4346 V,
386 4286 452 4336 haud
468 4287 573 4348 optimae
588 4290 658 4335 uotae
677 4291 701 4336 et
720 4300 805 4349 parum
823 4286 932 4350 antiquo,
948 4285 1019 4334 facile
1040 4284 1167 4348 intellegas
1182 4285 1294 4334 mendum
1315 4299 1369 4335 esse

203 4360 304 4421 lupam,
319 4358 340 4406 si
357 4360 445 4423 togam
464 4357 607 4408 antecedere
628 4357 840 4407 animadverteris.
862 4357 960 4414 Contra.
979 4357 998 4405 si
1019 4357 1075 4419 quis
1097 4359 1162 4419 iupa
1176 4355 1310 4421 atquibus
1325 4369 1370 4419 pro

202 4429 296 4477 mendis
317 4427 409 4477 habere
429 4427 496 4484 velit,
521 4429 713 4492 respondeamus
730 4444 735 4478 :
755 4429 850 4478 Atesim
871 4443 975 4493 quanam
998 4426 1030 4477 de
1051 4442 1125 4475 causa
1147 4430 1201 4476 orte
1225 4441 1279 4476 esse
1303 4427 1371 4476 dicas

202 4499 289 4548 menda
303 4500 370 4548 ists?
383 4526 413 4537 -
427 4500 539 4549 Attamen
554 4513 681 4562 perperam
694 4500 825 4562 Aternius,
841 4505 896 4563 post
910 4499 1036 4549 Breulium
1050 4503 1073 4547 ct
1086 4498 1262 4561 Margarinum.
1278 4500 1370 4561 lupam

202 4570 263 4620 edit.
