3256 5460
465 601 601 656 renone·
619 601 1150 663 conrnnrnvr.rnsrruonronutr.
1367 587 1422 659 11

225 781 389 849 Coenum
429 783 463 846 1ει
484 797 571 863 quae
594 779 790 846 inscribitur
816 782 992 846 AGROEC.
1017 788 1192 846 enumerat
1213 783 1404 846 testimonia

527 898 614 961 quae
625 880 761 961 praebet
774 883 956 958 Agroeoius
971 883 1005 943 in
1019 886 1110 944 tomo
1124 884 1187 944 VII
1201 882 1317 946 Keilii.

429 980 461 1041 5ὃ
483 995 569 1058 quae
583 978 779 1041 inscribitur
787 980 905 1042 'BEDA
918 983 1093 1042 enumerat
1107 981 1298 1042 testimonia
1315 997 1401 1059 quae

529 1075 667 1157 praebet
680 1077 767 1140 Beda
781 1078 816 1139 in
833 1081 924 1140 tomo
938 1080 1002 1141 VII
1017 1079 1127 1140 Keilii.

426 1176 460 1239 6⁸
482 1193 568 1255 quae
602 1175 796 1239 inscribitur
827 1177 969 1240 ALBIN.
1001 1179 1178 1238 enumerat
1212 1176 1404 1239 testimonia

528 1292 615 1355 quae
628 1273 763 1356 praebet
776 1273 921 1338 Albinus
936 1277 1076 1338 intorno
1091 1277 1154 1337 VII
1170 1275 1282 1337 Keilii.

427 1372 460 1432 7⁸
482 1389 568 1452 quae
592 1373 790 1435 inscribitur
812 1371 986 1450 [FRONT.]
1017 1375 1192 1435 enumerat
1216 1372 1407 1434 testimonia

531 1488 617 1551 quae
631 1469 767 1551 praebet
782 1470 1052 1534 Pseudo-Fronto
1067 1472 1102 1532 in
1113 1473 1204 1533 tomo
1214 1471 1277 1532 VII
1293 1469 1403 1533 Keilii.

533 1567 579 1630 Cf.
596 1586 698 1649 supra
712 1586 743 1649 p.
761 1571 809 1631 77.

430 1667 463 1728 8³
485 1683 572 1746 quae
585 1666 811 1729 inscribitur«
830 1669 950 1729 SERV.
967 1666 1039 1746 (AD
1055 1667 1109 1746 V.)
1121 1691 1136 1723 »
1153 1668 1327 1728 enumerat
1343 1669 1407 1728 tes-

533 1765 673 1827 timonia
696 1783 783 1845 quae
805 1765 976 1846 praebent,
999 1767 1034 1826 in
1049 1765 1098 1827 ed.
1122 1783 1141 1827 a
1156 1766 1194 1826 G.
1207 1765 1302 1826 Thilo
1316 1769 1349 1826 et
1363 1765 1404 1826 H.

533 1864 649 1940 Hagen
666 1862 847 1943 publicata,
861 1881 864 1888 ·

573 1962 708 2024 Servius
734 1966 767 2024 et
791 1961 1078 2024 Pseudo-Servius
1100 1960 1199 2041 cujus
1218 1962 1408 2024 testimonia

634 2052 723 2122 inter
743 2060 957 2140 parentheses
985 2060 1120 2122 inclusa
1149 2063 1250 2134 sunt;
1274 2062 1406 2122 numeri

632 2160 745 2219 autem
760 2159 866 2221 nostri
885 2156 1011 2237 quibus
1026 2158 1213 2238 praeposita
1231 2161 1283 2227 est
1297 2158 1407 2221 littera

636 2255 830 2317 illectorem
844 2256 1021 2317 remittunt
1035 2255 1076 2317 ad
1091 2277 1106 2314 ι
1122 2257 1407 2318 commentarium

633 2353 669 2413 in
689 2353 892 2428 Bucolica»,
922 2388 958 2397 -
981 2352 1106 2432 quibus
1121 2352 1268 2433 praefixa
1286 2357 1337 2416 est
1354 2354 1406 2415 lit-

641 2450 811 2527 te1·aG,ad
827 2474 843 2506 «
859 2452 1139 2513 commentarium
1152 2453 1187 2512 in
1204 2453 1362 2528 Georgica
1379 2476 1406 2528 ι,

637 2549 792 2620 -oeteri,
809 2548 850 2611 ad
866 2570 881 2610 r
897 2548 1181 2611 Commentariun]
1196 2551 1230 2611 in
1246 2550 1408 2613 Aeneidos

639 2646 752 2708 libros
770 2666 787 2723 r
802 2646 866 2728 (df.
884 2665 985 2727 supra
999 2664 1030 2727 p.
1049 2649 1111 2727 78).

319 2754 352 2787 ’κ
440 2747 473 2804 te
495 2759 580 2821 quae
598 2743 794 2806 inscribitur
811 2763 853 2806 nn
876 2762 1101 2807 raornrnrnrn
1126 2763 1305 2808 sannorum
1327 2764 1409 2808 enu-

540 2845 646 2903 merat
667 2843 865 2904 lemmatum
885 2847 1077 2905 nostrorum
1099 2842 1213 2905 titulos
1228 2842 1291 2922 (df.
1309 2861 1409 2924 supra

319 3071 358 3082 -
419 3040 472 3100 70³
494 3055 579 3117 quae
594 3023 787 3100 inscribitur
797 3039 879 3100 Nos
890 3038 1024 3118 praebet
1035 3056 1192 3101 numeros
1207 3039 1409 3102 Differentiis

537 3137 678 3212 singulis
691 3137 814 3198 nostris
828 3138 1066 3216 respondentes
1078 3157 1087 3215 ;
1111 3138 1168 3216 qui
1182 3141 1263 3199 sunt
1278 3139 1409 3200 numeri

538 3244 597 3306 253
616 3243 816 3318 Arevaliani,
837 3244 971 3306 insertis
990 3245 1138 3306 numeris
1158 3245 1196 3306 52
1212 3249 1272 3320 bia,
1296 3247 1334 3307 75
1347 3251 1407 3319 bis,

545 3344 600 3405 196
615 3346 665 3404 bis
680 3342 802 3404 nostris
818 3359 902 3421 quos
922 3343 1083 3405 Arevalus
1098 3359 1267 3424 perperam
1285 3344 1407 3405 omisit.

539 3438 601 3518 (Cf.
619 3456 720 3520 supra
736 3458 767 3520 p.
793 3441 855 3520 79).

322 3573 358 3584 -
422 3539 473 3601 111
497 3555 582 3617 quae
596 3537 791 3601 inscribitur
805 3539 951 3601 HAGEN
968 3540 1103 3619 praebet
1116 3557 1273 3601 numeros
1287 3538 1410 3618 quibus

540 3637 710 3713 Hagenius
731 3634 872 3699 debebat
893 3637 1066 3713 designare
1086 3639 1236 3713 singulas
1250 3636 1411 3699 Differen-

543 3735 604 3796 tias
619 3751 703 3814 quas
717 3733 817 3796 edidit
830 3735 865 3795 in
881 3734 1053 3797 volumine
1068 3735 1155 3814 quod
1165 3735 1287 3796 dicitur
1301 3756 1316 3796 r
1328 3735 1411 3815 Sup-

541 3833 747 3913 plementum
777 3855 790 3887 r
837 3832 1069 3894 Keilianorum
1111 3834 1409 3895 Grammaticorum

323 4065 361 4076 —
424 4031 476 4092 17³
498 4046 583 4108 qnae
605 4027 800 4091 inscribitur
823 4032 895 4090 (Η.
919 4029 1065 4091 BECK»
1094 4028 1228 4109 praebet
1253 4045 1411 4091 numeros

543 4125 666 4206 quibus
687 4124 832 4188 Beckius
846 4125 1018 4202 designare
1032 4130 1161 4205 poterat
1175 4127 1325 4203 singulas
1337 4124 1409 4187 Dil-

543 4223 699 4286 fercntias
714 4240 801 4302 quae
812 4222 971 4299 leguntur
989 4225 1077 4286 inter
1092 4224 1173 4286 l'olia
1189 4226 1227 4287 28
1242 4228 1275 4286 et
1295 4226 1331 4285 31
1355 4240 1412 4285 oo·

541 4322 622 4384 dicis
638 4320 921 4400 Montepessulani
945 4321 975 4381 H
991 4320 1048 4382 316
1065 4324 1181 4400 (quam
1196 4321 1319 4383 codicis
1338 4337 1411 4400 par-

541 4425 608 4482 tem
623 4422 696 4482 item
713 4422 811 4480 vocat
821 4417 906 4481 liber
914 4421 972 4498 qui
982 4419 1176 4482 inscribitur
1188 4423 1408 4496 Calatonno...

541 4525 599 4582 des
606 4516 884 4595 Deporlcmeatst.
897 4516 1168 4580 Differentiarum
1177 4535 1292 4581 earum
1303 4519 1411 4579 varias

544 4618 703 4680 lectiones
713 4614 897 4696 publicavit
905 4614 1050 4677 Beckius
1060 4617 1172 4680 a.l88-l
1188 4619 1222 4679 in
1232 4616 1412 4697 appendice
