3256 5460
512 593 555 638 nn
578 591 787 640 annronrnua
810 593 848 638 ar
869 592 912 639 na
932 594 1107 645 conruens.
1360 581 1401 645 la

233 772 322 842 2930,
346 767 393 830 ait
405 764 567 828 Arevalus
577 764 668 846 tlt...
698 764 784 826 inter
812 765 889 826 Mss.
915 768 1025 828 exstat
1046 766 1145 832 editio
1167 773 1264 832 vetus
1289 771 1397 852 Syne-

232 882 412 947 uymorum
440 863 607 926 Ciceronis
634 879 713 924 cum
741 861 877 941 prologo
901 863 942 925 ad
965 865 1152 941 Veturium,
1178 865 1311 944 Collegi,
1333 871 1396 931 etc.

233 965 402 1036 abditam,
417 964 584 1037 opertam,
601 961 664 1021 etc.
682 959 833 1021 Desinit:
858 965 936 1023 Vela
947 963 1092 1038 tetendit,
1108 967 1280 1040 irroretur,
1299 982 1402 1043 eppe-

233 1065 336 1134 rttar‚
353 1061 546 1134 ebrietatur,
560 1059 803 1134 praestoletur,
815 1061 1004 1134 esspeetet.
1019 1063 1209 1136 sequetur
1222 1068 1267 1127 ete
1280 1067 1401 1140 Diffe-

230 1163 378 1223 renttts
404 1160 612 1221 Ciceronis
636 1159 677 1218 te
700 1160 820 1218 rebus
840 1161 976 1220 dubiis
997 1178 1009 1220 .·
1038 1161 1149 1223 later·
1172 1164 1330 1237 aretam,
1356 1165 1403 1226 tt·

231 1273 380 1321 uterere
394 1257 431 1318 et
442 1270 648 1330 paverem,
664 1255 727 1316 etc.
745 1256 914 1325 Desinit,
931 1259 1130 1329 Nefarius
1151 1261 1402 1337 intelligitur

228 1373 249 1418 a
266 1357 534 1433 praeterttts;
555 1356 757 1427 nefandas
772 1356 839 1428 aar·
853 1357 893 1415 ta
908 1370 1029 1430 opere
1046 1359 1128 1429 fait
1143 1358 1317 1420 initium.
1341 1364 1402 1422 Fr·-

228 1458 290 1516 rtis
301 1455 352 1533 (2).
377 1454 574 1532 Sequuntur
587 1448 800 1513 Differentiae
813 1451 1058 1515 Bartholomaei
1068 1454 1152 1516 Fatii
1166 1472 1245 1517 cum
1260 1457 1400 1536 epistola

226 1552 329 1633 hujus
343 1551 561 1614 adtoannem
573 1547 750 1620 iacobum,
768 1549 803 1611 in
820 1567 887 1629 qua
901 1551 959 1622 ait,
984 1568 1020 1614 se
1043 1553 1242 1634 synonyma
1261 1572 1397 1636 quoque

226 1650 474 1730 conscripsisse,
492 1647 548 1711 sed
558 1648 592 1709 in
603 1646 806 1710 Differentiis
817 1648 1036 1724 agnoscendis
1047 1649 1208 1731 majorem
1218 1652 1398 1717 utilitatem

228 1752 261 1811 et
285 1749 436 1810 fructum
458 1748 568 1809 inesse
591 1745 718 1825 asserit.
746 1746 894 1824 Epistola
918 1747 1060 1828 incipit:
1078 1753 1230 1823 Memini,
1250 1755 1399 1816 loannes

229 1851 362 1918 Jecebe,
379 1849 441 1909 etc.
472 1844 695 1916 Differentiae,
726 1847 822 1906 later
847 1849 1011 1923 terrebam
1038 1848 1071 1909 et
1099 1852 1246 1926 pteram.
1274 1849 1399 1914 Ultima

230 1945 438 2008 dillerentia:
471 1945 565 2006 later
586 1944 692 2005 tetrte
715 1944 748 2003 et
772 1947 875 2005 datie.
911 1945 1034 2007 Letrte
1054 1949 1103 2008 est
1128 1949 1320 2022 celebratio
1346 1953 1399 2012 eet

230 2046 519 2119 aeternaequae
530 2043 670 2104 debetur
682 2045 823 2114 serrrtts,
840 2044 872 2105 et
887 2048 1028 2119 eeeetts,
1052 2046 1084 2106 et
1105 2049 1229 2108 etviats
1242 2048 1397 2109 cultibus.

232 2146 333 2205 britte
348 2144 396 2204 est
411 2143 513 2202 errttte
533 2155 619 2215 quae
639 2143 704 2201 seit
727 2143 796 2202 Dee
811 2142 950 2202 debetur
963 2143 1046 2220 (3)···
1073 2143 1269 2222 Sequuntur
1294 2146 1402 2226 Syno-

233 2237 1401 2322 nyma,scilicetejusdemFatii,utexepistelaDiiierentiispraemissa

233 2337 413 2414 colligitur.
442 2336 638 2416 Incipiunt:
664 2339 801 2410 Abesse,
826 2341 968 2408 distare,
993 2344 1163 2400 remotam
1182 2355 1266 2402 esse.
1284 2341 1398 2403 Finis:

240 2437 375 2499 Videtur
389 2437 533 2510 apparet
554 2435 661 2496 elucet
674 2436 787 2496 erestet
798 2435 853 2514 (l).
884 2440 1130 2510 impressere
1160 2441 1303 2499 Romae
1330 2453 1401 2512 per

232 2536 511 2598 tollerabilem
538 2537 671 2594 etrum
700 2534 942 2610 Magistrum
975 2538 1224 2597 norbertum
1257 2539 1398 2605 Sttber,

233 2637 338 2696 ettes
357 2635 520 2694 Francis
537 2635 651 2695 Aaron
670 2635 837 2693 namtas.
856 2635 903 2692 M.
922 2635 1046 2695 0000.
1064 2636 1246 2696 LXXXX.
1267 2636 1400 2696 Tertio

233 2736 364 2794 Neres
395 2732 578 2792 Octobris
588 2729 642 2809 (5).
666 2729 805 2791 Additur
831 2731 1010 2804 monitum,
1036 2730 1125 2810 quod
1149 2730 1213 2792 hoc
1235 2731 1309 2793 loco
1325 2730 1400 2794 sub·

233 2827 434 2890 nectendum
448 2828 576 2890 censui.
608 2861 645 2872 -
676 2832 824 2890 Paetus
851 2832 1024 2890 Alcetas
1051 2830 1303 2904 Satptttertus
1328 2834 1400 2892 tec·

232 2927 314 2988 tert
330 2930 361 2988 S.
381 2945 397 2986 ‹
411 2924 521 2988 Habes
528 2925 610 3005 jam,
620 2942 712 3004 puer,
729 2929 827 2988 daos
841 2924 901 2987 tihi
913 2926 1111 2989 utilissimos
1125 2931 1170 2989 be
1184 2930 1399 2990 verberam

233 3047 249 3079 α
274 3027 394 3100 Copta
413 3026 449 3088 et
468 3027 685 3102 elebantia
704 3025 898 3105 ttbresffi),
915 3025 951 3086 in
967 3024 1091 3105 quibus
1105 3025 1133 3087 si
1148 3025 1228 3105 quid
1244 3025 1293 3087 tui
1308 3028 1398 3088 recto

265 3275 299 3338 (l)
316 3276 389 3326 lires.
406 3279 422 3326 t.
438 3273 449 3324 1
463 3289 505 3339 pp.
521 3274 568 3324 459
581 3287 617 3337 sq.
631 3273 701 3339 (Mlg.
717 3277 734 3322 t.
749 3273 849 3323 LXXXI
865 3273 921 3323 cell.
937 3273 984 3324 360
995 3273 1042 3338 sq).

264 3375 298 3437 (⁸2)
315 3373 374 3424 Vide
389 3387 452 3437 quae
465 3373 613 3422 disseremus
627 3372 657 3421 de
671 3372 775 3421 editione
789 3371 865 3431 XIX·,
878 3372 918 3422 ubi
929 3371 1071 3422 ostendetur
1081 3372 1189 3423 codicem
1199 3373 1239 3423 hic
1250 3374 1400 3439 publicatum

232 3458 288 3495 esse
303 3444 434 3510 Hageniani
450 3444 586 3494 dernensis
600 3457 749 3507 germanum.

263 3547 299 3610 03)
313 3545 363 3596 Sex
377 3544 431 3594 illas
449 3543 544 3592 ultimas
558 3541 665 3606 syllabas
678 3542 833 3605 transcripsit
845 3541 950 3591 Orellius
965 3543 989 3590 in
999 3542 1163 3593 describendo
1177 3544 1279 3608 septima
1293 3543 1400 3595 editione

232 3624 336 3671 nostra:
353 3617 411 3666 inde
431 3628 521 3665 novum
546 3627 575 3663 ac
599 3614 649 3662 lers
672 3627 880 3675 supervacaneum
901 3614 976 3663 oritur
995 3619 1164 3676 argumentum
1178 3629 1226 3679 quo
1240 3616 1400 3667 confirmetur

232 3689 357 3742 conclusio
371 3692 455 3736 nostra
469 3685 501 3734 de
515 3685 631 3733 allinitsle
645 3698 693 3748 qua
711 3683 847 3747 junguntur
862 3685 932 3733 xix·
953 3688 977 3733 et
1001 3685 1103 3747 septima
1124 3685 1248 3736 editiones
1263 3691 1360 3736 nostrae
1375 3691 1400 3737 et

233 3763 296 3811 inter
309 3773 336 3810 se
350 3763 442 3809 etcum
456 3757 563 3820 quinque
579 3754 627 3804 illis
643 3754 734 3803 italicis
745 3754 776 3804 ab
791 3770 813 3804 a.
830 3755 890 3805 ttst
904 3757 936 3805 ad
948 3771 970 3804 a.
987 3755 1050 3806 1500
1063 3756 1203 3821 publicatis.

263 3860 298 3922 (l)
313 3860 365 3908 Non
379 3857 477 3906 omnino
491 3853 603 3914 congruit
618 3852 658 3902 hic
672 3854 734 3902 ordo
750 3853 808 3902 ill-0
821 3855 937 3904 editionis
952 3860 1049 3904 nostrae
1072 3870 1126 3904 curn
1151 3856 1233 3916 xlx·;
1253 3872 1359 3921 namque
1375 3859 1399 3908 in

234 3931 299 3981 lllll·
314 3929 360 3979 hoc
374 3926 494 3992 Explicit
513 3929 568 3974 ante
583 3925 640 3986 (non
666 3927 730 3987 post)
754 3925 927 3989 Differentiae
951 3926 1084 3976 Ciceronis
1104 3926 1200 3989 legitur.
1226 3928 1275 3977 Sed
1301 3928 1331 3977 de
1354 3929 1400 3979 hac

232 4000 385 4051 cavillatione
399 4000 611 4062 Syneaymerum
626 3994 723 4044 diverso
738 3996 824 4045 ordine
839 3996 863 4045 in
878 4001 980 4062 utraque
995 3998 1101 4047 editione
1116 3997 1265 4061 digestorum
1276 3999 1400 4051 disserere

233 4077 257 4122 et
271 4074 368 4136 longum
389 4075 427 4120 est
447 4074 471 4119 et
491 4069 595 4118 alienum
618 4078 673 4116 ere
688 4072 772 4119 nostra
786 4081 793 4118 :
809 4082 864 4118 narn
880 4068 911 4118 de
927 4069 1094 4134 Differentiis
1115 4084 1163 4119 non
1187 4069 1217 4120 ‹le
1241 4069 1399 4136 Synenymr's

232 4146 335 4210 agimus.

263 4251 299 4314 (5)
314 4251 359 4299 llic
373 4249 500 4299 manifesta
516 4253 553 4298 est
567 4248 673 4298 allinitaa
687 4247 820 4297 editionum
834 4252 931 4299 nostrae
948 4249 1057 4300 decimae
1071 4254 1096 4300 et
1116 4249 1189 4314 hujus
1205 4250 1278 4314 lil⁸⁶3
1293 4256 1400 4304 ceterum

219 4325 264 4376 cl.
280 4325 421 4387 sequentem
433 4321 623 4370 annotationem.

264 4423 297 4485 (0)
312 4421 456 4482 Quanquam
469 4419 591 4469 Arevalns
603 4417 694 4468 inlusa
707 4419 749 4468 illa
759 4418 925 4481 descriptione
938 4436 1011 4471 unum
1023 4422 1095 4470 modo
1105 4421 1187 4471 omisit
1197 4448 1226 4458 -
1238 4421 1334 4473 titulum
1344 4423 1401 4473 libri

233 4493 312 4558 ipsum
326 4518 365 4555 -‚
381 4491 441 4541 haec
462 4491 551 4540 mentio
570 4489 697 4541 manifeste
718 4490 810 4540 indicat
834 4491 930 4542 titulum
947 4492 1022 4542 luisse
1041 4492 1145 4543 eundem
1162 4497 1235 4557 atque
1253 4493 1278 4542 iu
1294 4493 1400 4544 editione

233 4563 337 4629 decima,
353 4567 466 4630 utsupra
481 4561 625 4618 monuimus.
