<?xml version="1.0" encoding="UTF-8"?>
<!DOCTYPE html PUBLIC "-//W3C//DTD XHTML 1.0 Transitional//EN"
    "http://www.w3.org/TR/xhtml1/DTD/xhtml1-transitional.dtd">
<html xmlns="http://www.w3.org/1999/xhtml" xml:lang="en" lang="en">
 <head>
  <title>
</title>
<meta http-equiv="Content-Type" content="text/html;charset=utf-8" />
  <meta name='ocr-system' content='tesseract 3.04.00' />
  <meta name='ocr-capabilities' content='ocr_page ocr_carea ocr_par ocr_line ocrx_word'/>
</head>
<body>
  <div class='ocr_page' id='page_1' title='image "./deemendandodiff00macgoog_0053.png"; bbox 0 0 3256 5460; ppageno 0'>
   <div class='ocr_carea' id='block_1_1' title="bbox 221 584 1192 649">
    <p class='ocr_par' dir='ltr' id='par_1_1' title="bbox 221 584 1192 649">
     <span class='ocr_line' id='line_1_1' title="bbox 221 584 1192 649; baseline 0.003 -3"><span class='ocrx_word' id='word_1_1' title='bbox 221 584 261 648; x_wconf 78' lang='grc'>41</span> <span class='ocrx_word' id='word_1_2' title='bbox 413 603 455 647; x_wconf 79' lang='lat' dir='ltr'>nn</span> <span class='ocrx_word' id='word_1_3' title='bbox 476 604 571 649; x_wconf 74' lang='lat' dir='ltr'>cinno</span> <span class='ocrx_word' id='word_1_4' title='bbox 592 605 633 646; x_wconf 76' lang='lat' dir='ltr'>nr</span> <span class='ocrx_word' id='word_1_5' title='bbox 647 602 1035 648; x_wconf 75' lang='lat' dir='ltr'>rnornrnrirnsrnuonuu</span> <span class='ocrx_word' id='word_1_6' title='bbox 1056 603 1137 649; x_wconf 75' lang='lat' dir='ltr'>raus</span> <span class='ocrx_word' id='word_1_7' title='bbox 1158 605 1192 649; x_wconf 89' lang='lat'>111</span> 
     </span>
    </p>
   </div>
   <div class='ocr_carea' id='block_1_2' title="bbox 224 772 1458 3901">
    <p class='ocr_par' dir='ltr' id='par_1_2' title="bbox 224 772 1404 1624">
     <span class='ocr_line' id='line_1_2' title="bbox 225 772 1399 855; baseline 0.003 -21"><span class='ocrx_word' id='word_1_8' title='bbox 225 793 241 834; x_wconf 74' lang='grc' dir='ltr'><strong><em>ι</em></strong></span> <span class='ocrx_word' id='word_1_9' title='bbox 264 774 486 854; x_wconf 86' lang='lat' dir='ltr'>praeceptoris</span> <span class='ocrx_word' id='word_1_10' title='bbox 495 773 538 852; x_wconf 85' lang='grc'>(1)</span> <span class='ocrx_word' id='word_1_11' title='bbox 557 773 685 854; x_wconf 89' lang='lat' dir='ltr'>judicio</span> <span class='ocrx_word' id='word_1_12' title='bbox 699 777 750 837; x_wconf 88' lang='lat' dir='ltr'>est</span> <span class='ocrx_word' id='word_1_13' title='bbox 771 772 1039 855; x_wconf 89' lang='lat' dir='ltr'>improbandum,</span> <span class='ocrx_word' id='word_1_14' title='bbox 1065 773 1187 836; x_wconf 89' lang='lat' dir='ltr'>canina</span> <span class='ocrx_word' id='word_1_15' title='bbox 1200 773 1312 837; x_wconf 85' lang='lat' dir='ltr'>littera</span> <span class='ocrx_word' id='word_1_16' title='bbox 1336 793 1399 837; x_wconf 90' lang='lat' dir='ltr'>an-</span> 
     </span>
     <span class='ocr_line' id='line_1_3' title="bbox 224 871 1399 953; baseline 0.003 -22"><span class='ocrx_word' id='word_1_17' title='bbox 224 891 241 931; x_wconf 78' lang='lat' dir='ltr'>c</span> <span class='ocrx_word' id='word_1_18' title='bbox 265 875 363 935; x_wconf 89' lang='lat' dir='ltr'>nota:</span> <span class='ocrx_word' id='word_1_19' title='bbox 381 873 410 934; x_wconf 84' lang='lat' dir='ltr'>si</span> <span class='ocrx_word' id='word_1_20' title='bbox 421 872 500 952; x_wconf 88' lang='lat' dir='ltr'>quid</span> <span class='ocrx_word' id='word_1_21' title='bbox 510 873 739 953; x_wconf 80' lang='lat' dir='ltr'>depravatum,</span> <span class='ocrx_word' id='word_1_22' title='bbox 751 873 909 936; x_wconf 87' lang='lat' dir='ltr'>emenda:</span> <span class='ocrx_word' id='word_1_23' title='bbox 927 873 955 935; x_wconf 84' lang='lat' dir='ltr'>si</span> <span class='ocrx_word' id='word_1_24' title='bbox 966 872 1046 953; x_wconf 89' lang='lat' dir='ltr'>quid</span> <span class='ocrx_word' id='word_1_25' title='bbox 1055 871 1242 935; x_wconf 90' lang='lat' dir='ltr'>addendum</span> <span class='ocrx_word' id='word_1_26' title='bbox 1253 873 1399 947; x_wconf 89' lang='lat' dir='ltr'>videtur,</span> 
     </span>
     <span class='ocr_line' id='line_1_4' title="bbox 227 970 1403 1048; baseline 0 -16"><span class='ocrx_word' id='word_1_27' title='bbox 227 971 362 1046; x_wconf 78' lang='lat' dir='ltr'>«signa</span> <span class='ocrx_word' id='word_1_28' title='bbox 385 971 419 1032; x_wconf 93' lang='lat' dir='ltr'>in</span> <span class='ocrx_word' id='word_1_29' title='bbox 451 971 611 1048; x_wconf 81' lang='lat' dir='ltr'>margine,</span> <span class='ocrx_word' id='word_1_30' title='bbox 641 972 688 1034; x_wconf 91' lang='lat' dir='ltr'>ita</span> <span class='ocrx_word' id='word_1_31' title='bbox 717 974 756 1033; x_wconf 91' lang='lat' dir='ltr'>ut</span> <span class='ocrx_word' id='word_1_32' title='bbox 784 989 846 1034; x_wconf 88' lang='lat' dir='ltr'>nec</span> <span class='ocrx_word' id='word_1_33' title='bbox 872 971 1051 1044; x_wconf 92' lang='lat' dir='ltr'>Ciceronis,</span> <span class='ocrx_word' id='word_1_34' title='bbox 1083 988 1144 1032; x_wconf 91' lang='lat' dir='ltr'>nec</span> <span class='ocrx_word' id='word_1_35' title='bbox 1167 971 1252 1032; x_wconf 85' lang='lat' dir='ltr'>Fatii</span> <span class='ocrx_word' id='word_1_36' title='bbox 1273 970 1305 1032; x_wconf 94' lang='lat' dir='ltr'>id</span> <span class='ocrx_word' id='word_1_37' title='bbox 1325 988 1403 1034; x_wconf 82' lang='lat' dir='ltr'>esse</span> 
     </span>
     <span class='ocr_line' id='line_1_5' title="bbox 227 1067 1403 1150; baseline 0.003 -21"><span class='ocrx_word' id='word_1_38' title='bbox 227 1086 242 1128; x_wconf 86' lang='lat'>‹</span> <span class='ocrx_word' id='word_1_39' title='bbox 264 1072 430 1149; x_wconf 84' lang='lat' dir='ltr'>appareat.</span> <span class='ocrx_word' id='word_1_40' title='bbox 444 1069 607 1149; x_wconf 92' lang='lat' dir='ltr'>Nunquid</span> <span class='ocrx_word' id='word_1_41' title='bbox 618 1087 695 1132; x_wconf 87' lang='lat' dir='ltr'>vero</span> <span class='ocrx_word' id='word_1_42' title='bbox 708 1069 790 1132; x_wconf 90' lang='lat' dir='ltr'>haec</span> <span class='ocrx_word' id='word_1_43' title='bbox 805 1086 892 1149; x_wconf 89' lang='lat' dir='ltr'>quae</span> <span class='ocrx_word' id='word_1_44' title='bbox 901 1067 1184 1131; x_wconf 81' lang='lat' dir='ltr'>circumiemntur</span> <span class='ocrx_word' id='word_1_45' title='bbox 1198 1070 1403 1150; x_wconf 87' lang='lat' dir='ltr'>Synonyma</span> 
     </span>
     <span class='ocr_line' id='line_1_6' title="bbox 227 1166 1400 1248; baseline 0.003 -21"><span class='ocrx_word' id='word_1_46' title='bbox 227 1186 242 1227; x_wconf 76' lang='grc' dir='ltr'><strong><em>ι</em></strong></span> <span class='ocrx_word' id='word_1_47' title='bbox 266 1167 373 1229; x_wconf 88' lang='lat' dir='ltr'>sinta</span> <span class='ocrx_word' id='word_1_48' title='bbox 396 1167 555 1230; x_wconf 76' lang='lat' dir='ltr'>Cicerone</span> <span class='ocrx_word' id='word_1_49' title='bbox 580 1167 731 1238; x_wconf 86' lang='lat' dir='ltr'>collecta,</span> <span class='ocrx_word' id='word_1_50' title='bbox 757 1169 819 1231; x_wconf 92' lang='lat' dir='ltr'>etsi</span> <span class='ocrx_word' id='word_1_51' title='bbox 844 1170 932 1230; x_wconf 85' lang='lat' dir='ltr'>certe</span> <span class='ocrx_word' id='word_1_52' title='bbox 949 1166 1100 1248; x_wconf 88' lang='lat' dir='ltr'>judicare</span> <span class='ocrx_word' id='word_1_53' title='bbox 1120 1184 1188 1228; x_wconf 92' lang='lat' dir='ltr'>non</span> <span class='ocrx_word' id='word_1_54' title='bbox 1202 1184 1400 1247; x_wconf 71' lang='lat' dir='ltr'>possumus</span> 
     </span>
     <span class='ocr_line' id='line_1_7' title="bbox 228 1265 1403 1347; baseline 0 -19"><span class='ocrx_word' id='word_1_55' title='bbox 228 1289 243 1320; x_wconf 73' lang='lat' dir='ltr'><em>a</em></span> <span class='ocrx_word' id='word_1_56' title='bbox 268 1268 378 1328; x_wconf 88' lang='lat' dir='ltr'>tamen</span> <span class='ocrx_word' id='word_1_57' title='bbox 403 1268 614 1330; x_wconf 87' lang='lat' dir='ltr'>vetustomm</span> <span class='ocrx_word' id='word_1_58' title='bbox 642 1266 815 1347; x_wconf 78' lang='lat' dir='ltr'>inscriptio</span> <span class='ocrx_word' id='word_1_59' title='bbox 839 1265 1005 1340; x_wconf 88' lang='lat' dir='ltr'>codicum,</span> <span class='ocrx_word' id='word_1_60' title='bbox 1029 1267 1063 1327; x_wconf 91' lang='lat' dir='ltr'>et</span> <span class='ocrx_word' id='word_1_61' title='bbox 1085 1265 1253 1327; x_wconf 87' lang='lat' dir='ltr'>Ciceronis</span> <span class='ocrx_word' id='word_1_62' title='bbox 1268 1265 1403 1328; x_wconf 89' lang='lat' dir='ltr'>adoles·</span> 
     </span>
     <span class='ocr_line' id='line_1_8' title="bbox 229 1362 1402 1443; baseline 0 -19"><span class='ocrx_word' id='word_1_63' title='bbox 229 1387 243 1417; x_wconf 71' lang='lat' dir='ltr'>u</span> <span class='ocrx_word' id='word_1_64' title='bbox 266 1364 388 1435; x_wconf 88' lang='lat' dir='ltr'>centia,</span> <span class='ocrx_word' id='word_1_65' title='bbox 418 1365 453 1425; x_wconf 93' lang='lat' dir='ltr'>in</span> <span class='ocrx_word' id='word_1_66' title='bbox 478 1380 546 1443; x_wconf 88' lang='lat' dir='ltr'>qua</span> <span class='ocrx_word' id='word_1_67' title='bbox 573 1367 607 1426; x_wconf 88' lang='lat' dir='ltr'>et</span> <span class='ocrx_word' id='word_1_68' title='bbox 629 1365 812 1427; x_wconf 86' lang='lat' dir='ltr'>rhetoricos</span> <span class='ocrx_word' id='word_1_69' title='bbox 836 1380 904 1426; x_wconf 92' lang='lat' dir='ltr'>non</span> <span class='ocrx_word' id='word_1_70' title='bbox 927 1362 1015 1424; x_wconf 91' lang='lat' dir='ltr'>virili</span> <span class='ocrx_word' id='word_1_71' title='bbox 1033 1365 1141 1425; x_wconf 86' lang='lat' dir='ltr'>aetate</span> <span class='ocrx_word' id='word_1_72' title='bbox 1154 1362 1273 1439; x_wconf 82' lang='lat' dir='ltr'>dignos</span> <span class='ocrx_word' id='word_1_73' title='bbox 1287 1362 1402 1439; x_wconf 78' lang='lat' dir='ltr'>edidit,</span> 
     </span>
     <span class='ocr_line' id='line_1_9' title="bbox 228 1460 1404 1542; baseline 0.001 -19"><span class='ocrx_word' id='word_1_74' title='bbox 228 1485 243 1516; x_wconf 83' lang='grc'><em>«</em></span> <span class='ocrx_word' id='word_1_75' title='bbox 267 1477 390 1538; x_wconf 77' lang='lat' dir='ltr'>magno</span> <span class='ocrx_word' id='word_1_76' title='bbox 406 1464 487 1524; x_wconf 92' lang='lat' dir='ltr'>sunt</span> <span class='ocrx_word' id='word_1_77' title='bbox 502 1466 712 1539; x_wconf 82' lang='lat' dir='ltr'>argumento,</span> <span class='ocrx_word' id='word_1_78' title='bbox 729 1465 768 1524; x_wconf 91' lang='lat' dir='ltr'>ut</span> <span class='ocrx_word' id='word_1_79' title='bbox 781 1461 865 1542; x_wconf 90' lang='lat' dir='ltr'>ejus,</span> <span class='ocrx_word' id='word_1_80' title='bbox 888 1464 948 1524; x_wconf 89' lang='lat' dir='ltr'>aut</span> <span class='ocrx_word' id='word_1_81' title='bbox 968 1460 1113 1541; x_wconf 90' lang='lat' dir='ltr'>alicujus</span> <span class='ocrx_word' id='word_1_82' title='bbox 1128 1479 1170 1523; x_wconf 86' lang='lat' dir='ltr'>ex</span> <span class='ocrx_word' id='word_1_83' title='bbox 1185 1460 1404 1524; x_wconf 85' lang='lat' dir='ltr'>Ciceronibus</span> 
     </span>
     <span class='ocr_line' id='line_1_10' title="bbox 228 1558 894 1624; baseline 0.002 -2"><span class='ocrx_word' id='word_1_84' title='bbox 228 1583 244 1614; x_wconf 73' lang='grc' dir='ltr'>α</span> <span class='ocrx_word' id='word_1_85' title='bbox 267 1576 340 1622; x_wconf 87' lang='lat' dir='ltr'>esse</span> <span class='ocrx_word' id='word_1_86' title='bbox 352 1558 494 1623; x_wconf 89' lang='lat' dir='ltr'>inficiari</span> <span class='ocrx_word' id='word_1_87' title='bbox 511 1579 578 1623; x_wconf 93' lang='lat' dir='ltr'>non</span> <span class='ocrx_word' id='word_1_88' title='bbox 594 1561 745 1624; x_wconf 86' lang='lat' dir='ltr'>audeam.</span> <span class='ocrx_word' id='word_1_89' title='bbox 761 1560 853 1623; x_wconf 88' lang='lat' dir='ltr'>Vale.</span> <span class='ocrx_word' id='word_1_90' title='bbox 881 1582 894 1614; x_wconf 84' lang='lat'>»</span> 
     </span>
    </p>

    <p class='ocr_par' dir='ltr' id='par_1_3' title="bbox 230 1656 1408 2224">
     <span class='ocr_line' id='line_1_11' title="bbox 268 1656 1401 1739; baseline -0.001 -21"><span class='ocrx_word' id='word_1_91' title='bbox 268 1656 433 1718; x_wconf 84' lang='lat' dir='ltr'>Monitum</span> <span class='ocrx_word' id='word_1_92' title='bbox 456 1659 531 1732; x_wconf 91' lang='lat' dir='ltr'>hoc,</span> <span class='ocrx_word' id='word_1_93' title='bbox 556 1658 645 1721; x_wconf 89' lang='lat' dir='ltr'>haud</span> <span class='ocrx_word' id='word_1_94' title='bbox 669 1660 716 1720; x_wconf 89' lang='lat' dir='ltr'>ita</span> <span class='ocrx_word' id='word_1_95' title='bbox 736 1659 899 1739; x_wconf 88' lang='lat' dir='ltr'>ineptum,</span> <span class='ocrx_word' id='word_1_96' title='bbox 934 1656 997 1738; x_wconf 93' lang='lat' dir='ltr'>ipsi</span> <span class='ocrx_word' id='word_1_97' title='bbox 1019 1675 1080 1720; x_wconf 92' lang='lat' dir='ltr'>nos</span> <span class='ocrx_word' id='word_1_98' title='bbox 1105 1657 1401 1737; x_wconf 85' lang='lat' dir='ltr'>transcripsimus:</span> 
     </span>
     <span class='ocr_line' id='line_1_12' title="bbox 230 1753 1405 1837; baseline 0.001 -21"><span class='ocrx_word' id='word_1_99' title='bbox 230 1770 377 1833; x_wconf 89' lang='lat' dir='ltr'>namque</span> <span class='ocrx_word' id='word_1_100' title='bbox 390 1758 423 1816; x_wconf 88' lang='lat' dir='ltr'>et</span> <span class='ocrx_word' id='word_1_101' title='bbox 439 1755 576 1817; x_wconf 91' lang='lat' dir='ltr'>titulum</span> <span class='ocrx_word' id='word_1_102' title='bbox 597 1757 705 1837; x_wconf 91' lang='lat' dir='ltr'>operis</span> <span class='ocrx_word' id='word_1_103' title='bbox 728 1755 771 1818; x_wconf 92' lang='lat' dir='ltr'>ab</span> <span class='ocrx_word' id='word_1_104' title='bbox 784 1754 926 1818; x_wconf 79' lang='lat' dir='ltr'>Arevalo</span> <span class='ocrx_word' id='word_1_105' title='bbox 950 1754 1115 1817; x_wconf 91' lang='lat' dir='ltr'>omissum</span> <span class='ocrx_word' id='word_1_106' title='bbox 1136 1753 1282 1836; x_wconf 90' lang='lat' dir='ltr'>praebet,</span> <span class='ocrx_word' id='word_1_107' title='bbox 1298 1758 1332 1817; x_wconf 91' lang='lat' dir='ltr'>et</span> <span class='ocrx_word' id='word_1_108' title='bbox 1346 1773 1405 1817; x_wconf 90' lang='lat' dir='ltr'>os-</span> 
     </span>
     <span class='ocr_line' id='line_1_13' title="bbox 230 1851 1405 1933; baseline 0.002 -20"><span class='ocrx_word' id='word_1_109' title='bbox 230 1851 335 1914; x_wconf 86' lang='lat' dir='ltr'>tendit</span> <span class='ocrx_word' id='word_1_110' title='bbox 364 1852 506 1914; x_wconf 88' lang='lat' dir='ltr'>Paulum</span> <span class='ocrx_word' id='word_1_111' title='bbox 529 1854 685 1916; x_wconf 83' lang='lat' dir='ltr'>Alexium</span> <span class='ocrx_word' id='word_1_112' title='bbox 710 1853 935 1933; x_wconf 84' lang='lat' dir='ltr'>Sulpitianum</span> <span class='ocrx_word' id='word_1_113' title='bbox 959 1870 1028 1915; x_wconf 92' lang='lat' dir='ltr'>non</span> <span class='ocrx_word' id='word_1_114' title='bbox 1052 1853 1140 1915; x_wconf 86' lang='lat' dir='ltr'>male</span> <span class='ocrx_word' id='word_1_115' title='bbox 1153 1853 1193 1915; x_wconf 92' lang='lat' dir='ltr'>de</span> <span class='ocrx_word' id='word_1_116' title='bbox 1216 1853 1269 1914; x_wconf 94' lang='lat' dir='ltr'>his</span> <span class='ocrx_word' id='word_1_117' title='bbox 1283 1853 1405 1916; x_wconf 90' lang='lat' dir='ltr'>studiis</span> 
     </span>
     <span class='ocr_line' id='line_1_14' title="bbox 230 1949 1406 2032; baseline 0.002 -20"><span class='ocrx_word' id='word_1_118' title='bbox 230 1951 402 2025; x_wconf 90' lang='lat' dir='ltr'>meruisse,</span> <span class='ocrx_word' id='word_1_119' title='bbox 423 1955 457 2013; x_wconf 90' lang='lat' dir='ltr'>et</span> <span class='ocrx_word' id='word_1_120' title='bbox 475 1951 571 2014; x_wconf 90' lang='lat' dir='ltr'>docet</span> <span class='ocrx_word' id='word_1_121' title='bbox 590 1952 756 2015; x_wconf 89' lang='lat' dir='ltr'>dedicatas</span> <span class='ocrx_word' id='word_1_122' title='bbox 774 1977 787 2007; x_wconf 72' lang='grc' dir='ltr'>α</span> <span class='ocrx_word' id='word_1_123' title='bbox 810 1952 922 2032; x_wconf 90' lang='lat' dir='ltr'>pueris</span> <span class='ocrx_word' id='word_1_124' title='bbox 936 1954 970 2013; x_wconf 91' lang='lat' dir='ltr'>et</span> <span class='ocrx_word' id='word_1_125' title='bbox 982 1949 1282 2032; x_wconf 84' lang='lat' dir='ltr'>praeceptoribus»</span> <span class='ocrx_word' id='word_1_126' title='bbox 1299 1949 1406 2014; x_wconf 88' lang='lat' dir='ltr'>fuisse</span> 
     </span>
     <span class='ocr_line' id='line_1_15' title="bbox 231 2047 1408 2125; baseline 0.001 -16"><span class='ocrx_word' id='word_1_127' title='bbox 231 2048 393 2111; x_wconf 84' lang='lat' dir='ltr'>editiones</span> <span class='ocrx_word' id='word_1_128' title='bbox 418 2047 486 2112; x_wconf 84' lang='lat' dir='ltr'>iere</span> <span class='ocrx_word' id='word_1_129' title='bbox 503 2051 698 2114; x_wconf 88' lang='lat' dir='ltr'>innumeras</span> <span class='ocrx_word' id='word_1_130' title='bbox 713 2051 850 2114; x_wconf 90' lang='lat' dir='ltr'>illorum</span> <span class='ocrx_word' id='word_1_131' title='bbox 865 2070 881 2109; x_wconf 87' lang='lat'>«</span> <span class='ocrx_word' id='word_1_132' title='bbox 898 2051 1143 2113; x_wconf 84' lang='lat' dir='ltr'>Thesaurorum</span> <span class='ocrx_word' id='word_1_133' title='bbox 1157 2070 1173 2109; x_wconf 86' lang='lat'>»</span> <span class='ocrx_word' id='word_1_134' title='bbox 1189 2052 1223 2112; x_wconf 88' lang='lat' dir='ltr'>ei</span> <span class='ocrx_word' id='word_1_135' title='bbox 1238 2053 1360 2125; x_wconf 80' lang='lat' dir='ltr'>copiae</span> <span class='ocrx_word' id='word_1_136' title='bbox 1371 2053 1408 2111; x_wconf 90' lang='lat' dir='ltr'>et</span> 
     </span>
     <span class='ocr_line' id='line_1_16' title="bbox 233 2150 446 2224; baseline -0.005 -14"><span class='ocrx_word' id='word_1_137' title='bbox 233 2150 446 2224; x_wconf 65' lang='lat' dir='ltr'>alcyonitae.</span> 
     </span>
    </p>

    <p class='ocr_par' dir='ltr' id='par_1_4' title="bbox 233 2245 1458 2602">
     <span class='ocr_line' id='line_1_17' title="bbox 273 2245 1407 2326; baseline 0.002 -20"><span class='ocrx_word' id='word_1_138' title='bbox 273 2245 345 2308; x_wconf 90' lang='lat' dir='ltr'>Hoc</span> <span class='ocrx_word' id='word_1_139' title='bbox 360 2246 575 2322; x_wconf 80' lang='lat' dir='ltr'>igiturrestat</span> <span class='ocrx_word' id='word_1_140' title='bbox 597 2251 647 2323; x_wconf 92' lang='lat' dir='ltr'>ut,</span> <span class='ocrx_word' id='word_1_141' title='bbox 675 2246 738 2310; x_wconf 93' lang='lat' dir='ltr'>sub</span> <span class='ocrx_word' id='word_1_142' title='bbox 762 2246 907 2323; x_wconf 86' lang='lat' dir='ltr'>rubrica,</span> <span class='ocrx_word' id='word_1_143' title='bbox 923 2246 964 2308; x_wconf 92' lang='lat' dir='ltr'>de</span> <span class='ocrx_word' id='word_1_144' title='bbox 983 2263 1050 2326; x_wconf 89' lang='lat' dir='ltr'>qua</span> <span class='ocrx_word' id='word_1_145' title='bbox 1065 2246 1136 2326; x_wconf 88' lang='lat' dir='ltr'>jam</span> <span class='ocrx_word' id='word_1_146' title='bbox 1151 2245 1279 2309; x_wconf 84' lang='lat' dir='ltr'>affatim</span> <span class='ocrx_word' id='word_1_147' title='bbox 1300 2247 1407 2308; x_wconf 90' lang='lat' dir='ltr'>disse-</span> 
     </span>
     <span class='ocr_line' id='line_1_18' title="bbox 233 2343 1458 2421; baseline 0.002 -17"><span class='ocrx_word' id='word_1_148' title='bbox 233 2343 380 2418; x_wconf 89' lang='lat' dir='ltr'>ruimus,</span> <span class='ocrx_word' id='word_1_149' title='bbox 411 2345 603 2408; x_wconf 90' lang='lat' dir='ltr'>ordinemus</span> <span class='ocrx_word' id='word_1_150' title='bbox 632 2363 761 2409; x_wconf 90' lang='lat' dir='ltr'>sorores</span> <span class='ocrx_word' id='word_1_151' title='bbox 790 2346 974 2408; x_wconf 88' lang='lat' dir='ltr'>Hainianas</span> <span class='ocrx_word' id='word_1_152' title='bbox 1001 2345 1187 2408; x_wconf 92' lang='lat' dir='ltr'>editionum</span> <span class='ocrx_word' id='word_1_153' title='bbox 1215 2347 1408 2407; x_wconf 87' lang='lat' dir='ltr'>nostrarum</span> <span class='ocrx_word' id='word_1_154' title='bbox 1456 2418 1458 2421; x_wconf 17' lang='lat'>¹</span> 
     </span>
     <span class='ocr_line' id='line_1_19' title="bbox 234 2442 1408 2525; baseline 0.001 -21"><span class='ocrx_word' id='word_1_155' title='bbox 234 2442 309 2504; x_wconf 75' lang='lat' dir='ltr'>Xb·</span> <span class='ocrx_word' id='word_1_156' title='bbox 331 2445 364 2504; x_wconf 92' lang='lat' dir='ltr'>et</span> <span class='ocrx_word' id='word_1_157' title='bbox 382 2445 440 2504; x_wconf 63' lang='grc' dir='ltr'>11ΕΘ</span> <span class='ocrx_word' id='word_1_158' title='bbox 455 2461 557 2523; x_wconf 88' lang='lat' dir='ltr'>quam</span> <span class='ocrx_word' id='word_1_159' title='bbox 579 2446 755 2525; x_wconf 86' lang='lat' dir='ltr'>excipiunt</span> <span class='ocrx_word' id='word_1_160' title='bbox 777 2445 812 2505; x_wconf 94' lang='lat' dir='ltr'>in</span> <span class='ocrx_word' id='word_1_161' title='bbox 829 2444 1028 2521; x_wconf 74' lang='lat' dir='ltr'>repertorio</span> <span class='ocrx_word' id='word_1_162' title='bbox 1052 2446 1326 2521; x_wconf 79' lang='lat' dir='ltr'>Bibliopropbieo</span> <span class='ocrx_word' id='word_1_163' title='bbox 1343 2443 1408 2505; x_wconf 87' lang='lat' dir='ltr'>hae</span> 
     </span>
     <span class='ocr_line' id='line_1_20' title="bbox 236 2543 321 2602; baseline -0.024 0"><span class='ocrx_word' id='word_1_164' title='bbox 236 2543 321 2602; x_wconf 86' lang='lat' dir='ltr'>tres:</span> 
     </span>
    </p>

    <p class='ocr_par' dir='ltr' id='par_1_5' title="bbox 275 2636 928 2721">
     <span class='ocr_line' id='line_1_21' title="bbox 275 2636 928 2721; baseline -0.002 -20"><span class='ocrx_word' id='word_1_165' title='bbox 275 2672 311 2682; x_wconf 97' lang='lat'>-</span> <span class='ocrx_word' id='word_1_166' title='bbox 327 2636 440 2720; x_wconf 63' lang='lat' dir='ltr'>(xua</span> <span class='ocrx_word' id='word_1_167' title='bbox 454 2639 552 2704; x_wconf 87' lang='lat' dir='ltr'>editio</span> <span class='ocrx_word' id='word_1_168' title='bbox 567 2642 674 2704; x_wconf 89' lang='lat' dir='ltr'>nostri</span> <span class='ocrx_word' id='word_1_169' title='bbox 692 2637 928 2721; x_wconf 86' lang='lat' dir='ltr'>conspectus):</span> 
     </span>
    </p>

    <p class='ocr_par' dir='ltr' id='par_1_6' title="bbox 233 2735 1409 3118">
     <span class='ocr_line' id='line_1_22' title="bbox 276 2735 1408 2816; baseline 0.002 -20"><span class='ocrx_word' id='word_1_170' title='bbox 276 2754 291 2796; x_wconf 87' lang='lat'><strong>‹</strong></span> <span class='ocrx_word' id='word_1_171' title='bbox 314 2736 417 2800; x_wconf 64' lang='lat' dir='ltr'>*aaut</span> <span class='ocrx_word' id='word_1_172' title='bbox 443 2773 480 2782; x_wconf 98' lang='lat'><em>-</em></span> <span class='ocrx_word' id='word_1_173' title='bbox 495 2774 535 2783; x_wconf 95' lang='lat'><strong>—</strong></span> <span class='ocrx_word' id='word_1_174' title='bbox 557 2755 636 2802; x_wconf 80' lang='lat' dir='ltr'>cunt</span> <span class='ocrx_word' id='word_1_175' title='bbox 659 2756 711 2816; x_wconf 85' lang='lat' dir='ltr'>ep.</span> <span class='ocrx_word' id='word_1_176' title='bbox 734 2743 839 2801; x_wconf 79' lang='lat' dir='ltr'>Potiti</span> <span class='ocrx_word' id='word_1_177' title='bbox 857 2737 969 2800; x_wconf 76' lang='lat' dir='ltr'>Alconti</span> <span class='ocrx_word' id='word_1_178' title='bbox 990 2738 1172 2812; x_wconf 83' lang='lat' dir='ltr'>Sulpittani</span> <span class='ocrx_word' id='word_1_179' title='bbox 1185 2741 1231 2800; x_wconf 83' lang='lat' dir='ltr'>od</span> <span class='ocrx_word' id='word_1_180' title='bbox 1249 2735 1340 2816; x_wconf 70' lang='lat' dir='ltr'>bii]</span> <span class='ocrx_word' id='word_1_181' title='bbox 1365 2743 1408 2798; x_wconf 82' lang='lat' dir='ltr'>In</span> 
     </span>
     <span class='ocr_line' id='line_1_23' title="bbox 233 2833 1408 2918; baseline 0 -22"><span class='ocrx_word' id='word_1_182' title='bbox 233 2835 331 2906; x_wconf 77' lang='lat' dir='ltr'>stne:</span> <span class='ocrx_word' id='word_1_183' title='bbox 355 2835 553 2915; x_wconf 85' lang='lat' dir='ltr'>Impreiium</span> <span class='ocrx_word' id='word_1_184' title='bbox 586 2837 633 2900; x_wconf 87' lang='lat' dir='ltr'>est</span> <span class='ocrx_word' id='word_1_185' title='bbox 661 2855 746 2918; x_wconf 92' lang='lat' dir='ltr'>opus</span> <span class='ocrx_word' id='word_1_186' title='bbox 774 2839 877 2910; x_wconf 82' lang='lat' dir='ltr'>Rome</span> <span class='ocrx_word' id='word_1_187' title='bbox 904 2852 962 2916; x_wconf 90' lang='lat' dir='ltr'>per</span> <span class='ocrx_word' id='word_1_188' title='bbox 989 2833 1143 2911; x_wconf 79' lang='lat' dir='ltr'>Magiitrii</span> <span class='ocrx_word' id='word_1_189' title='bbox 1174 2834 1408 2916; x_wconf 72' lang='lat' dir='ltr'>Stellphanum</span> 
     </span>
     <span class='ocr_line' id='line_1_24' title="bbox 236 2930 1409 3014; baseline 0.003 -23"><span class='ocrx_word' id='word_1_190' title='bbox 236 2930 364 2995; x_wconf 88' lang='lat' dir='ltr'>Planek</span> <span class='ocrx_word' id='word_1_191' title='bbox 391 2933 431 2996; x_wconf 92' lang='lat' dir='ltr'>de</span> <span class='ocrx_word' id='word_1_192' title='bbox 460 2936 605 2998; x_wconf 88' lang='lat' dir='ltr'>Patauia.</span> <span class='ocrx_word' id='word_1_193' title='bbox 638 2935 879 3014; x_wconf 77' lang='lat' dir='ltr'>Absolutumq3</span> <span class='ocrx_word' id='word_1_194' title='bbox 903 2932 927 3014; x_wconf 78' lang='lat' dir='ltr'>ll</span> <span class='ocrx_word' id='word_1_195' title='bbox 949 2933 1011 2995; x_wconf 88' lang='lat' dir='ltr'>die.</span> <span class='ocrx_word' id='word_1_196' title='bbox 1042 2934 1131 2996; x_wconf 86' lang='lat' dir='ltr'>XXI.</span> <span class='ocrx_word' id='word_1_197' title='bbox 1159 2934 1279 2996; x_wconf 89' lang='lat' dir='ltr'>Martii.</span> <span class='ocrx_word' id='word_1_198' title='bbox 1307 2936 1409 2995; x_wconf 86' lang='lat' dir='ltr'>Anno</span> 
     </span>
     <span class='ocr_line' id='line_1_25' title="bbox 234 3031 1407 3118; baseline 0 -26"><span class='ocrx_word' id='word_1_199' title='bbox 234 3031 371 3093; x_wconf 91' lang='lat' dir='ltr'>domini.</span> <span class='ocrx_word' id='word_1_200' title='bbox 385 3033 625 3098; x_wconf 84' lang='lat' dir='ltr'>M.CCCC.XCI.</span> <span class='ocrx_word' id='word_1_201' title='bbox 637 3036 662 3118; x_wconf 71' lang='lat' dir='ltr'>sl</span> <span class='ocrx_word' id='word_1_202' title='bbox 674 3033 880 3116; x_wconf 79' lang='lat' dir='ltr'>Regiiter(3).</span> <span class='ocrx_word' id='word_1_203' title='bbox 891 3032 964 3114; x_wconf 82' lang='lat' dir='ltr'>(sic)</span> <span class='ocrx_word' id='word_1_204' title='bbox 979 3036 996 3095; x_wconf 83' lang='grc'>1</span> <span class='ocrx_word' id='word_1_205' title='bbox 1010 3036 1092 3094; x_wconf 84' lang='lat' dir='ltr'>min.</span> <span class='ocrx_word' id='word_1_206' title='bbox 1103 3049 1135 3095; x_wconf 79' lang='lat' dir='ltr'>r.</span> <span class='ocrx_word' id='word_1_207' title='bbox 1147 3037 1198 3095; x_wconf 83' lang='lat' dir='ltr'>cb.</span> <span class='ocrx_word' id='word_1_208' title='bbox 1212 3033 1273 3114; x_wconf 79' lang='lat' dir='ltr'>cs.</span> <span class='ocrx_word' id='word_1_209' title='bbox 1289 3036 1326 3095; x_wconf 81' lang='grc'>16</span> <span class='ocrx_word' id='word_1_210' title='bbox 1339 3034 1377 3108; x_wconf 76' lang='lat' dir='ltr'>ff.</span> <span class='ocrx_word' id='word_1_211' title='bbox 1391 3051 1407 3092; x_wconf 87' lang='lat'><strong>›</strong></span> 
     </span>
    </p>

    <p class='ocr_par' dir='ltr' id='par_1_7' title="bbox 276 3129 939 3213">
     <span class='ocr_line' id='line_1_26' title="bbox 276 3129 939 3213; baseline -0.002 -20"><span class='ocrx_word' id='word_1_212' title='bbox 276 3163 315 3174; x_wconf 91' lang='grc'>-</span> <span class='ocrx_word' id='word_1_213' title='bbox 329 3129 462 3208; x_wconf 80' lang='lat' dir='ltr'>(XIIIa</span> <span class='ocrx_word' id='word_1_214' title='bbox 476 3134 574 3196; x_wconf 86' lang='lat' dir='ltr'>editio</span> <span class='ocrx_word' id='word_1_215' title='bbox 588 3136 693 3197; x_wconf 87' lang='lat' dir='ltr'>nostri</span> <span class='ocrx_word' id='word_1_216' title='bbox 707 3133 939 3213; x_wconf 73' lang='lat' dir='ltr'>conspectusi:</span> 
     </span>
    </p>

    <p class='ocr_par' dir='ltr' id='par_1_8' title="bbox 237 3226 1413 3800">
     <span class='ocr_line' id='line_1_27' title="bbox 278 3226 1410 3313; baseline 0.001 -25"><span class='ocrx_word' id='word_1_217' title='bbox 278 3229 425 3294; x_wconf 76' lang='lat'>‹*5356.</span> <span class='ocrx_word' id='word_1_218' title='bbox 457 3266 496 3276; x_wconf 95' lang='lat'><em>-</em></span> <span class='ocrx_word' id='word_1_219' title='bbox 520 3267 560 3278; x_wconf 93' lang='lat'><em>-</em></span> <span class='ocrx_word' id='word_1_220' title='bbox 587 3235 744 3313; x_wconf 81' lang='lat' dir='ltr'>F.la(c.</span> <span class='ocrx_word' id='word_1_221' title='bbox 762 3237 853 3308; x_wconf 74' lang='lat' dir='ltr'>etan.</span> <span class='ocrx_word' id='word_1_222' title='bbox 881 3235 970 3311; x_wconf 59' lang='lat' dir='ltr'>ab:</span> <span class='ocrx_word' id='word_1_223' title='bbox 993 3231 1038 3294; x_wconf 90' lang='grc' dir='ltr'>(ΙΙ</span> <span class='ocrx_word' id='word_1_224' title='bbox 1059 3231 1171 3292; x_wconf 85' lang='lat' dir='ltr'>Cicero</span> <span class='ocrx_word' id='word_1_225' title='bbox 1193 3229 1331 3291; x_wconf 88' lang='lat' dir='ltr'>Veturio</span> <span class='ocrx_word' id='word_1_226' title='bbox 1350 3226 1410 3290; x_wconf 84' lang='lat' dir='ltr'>suo</span> 
     </span>
     <span class='ocr_line' id='line_1_28' title="bbox 239 3324 1411 3410; baseline 0.001 -24"><span class='ocrx_word' id='word_1_227' title='bbox 239 3325 399 3390; x_wconf 84' lang='lat' dir='ltr'>Salutem.</span> <span class='ocrx_word' id='word_1_228' title='bbox 416 3327 443 3410; x_wconf 77' lang='lat' dir='ltr'>ll</span> <span class='ocrx_word' id='word_1_229' title='bbox 467 3329 512 3410; x_wconf 81' lang='lat' dir='ltr'>(C)</span> <span class='ocrx_word' id='word_1_230' title='bbox 536 3331 641 3408; x_wconf 83' lang='lat' dir='ltr'>Ollegi</span> <span class='ocrx_word' id='word_1_231' title='bbox 664 3348 702 3393; x_wconf 91' lang='lat' dir='ltr'>ea</span> <span class='ocrx_word' id='word_1_232' title='bbox 727 3328 831 3392; x_wconf 90' lang='lat' dir='ltr'>uerba</span> <span class='ocrx_word' id='word_1_233' title='bbox 845 3338 933 3409; x_wconf 84' lang='lat' dir='ltr'>quac</span> <span class='ocrx_word' id='word_1_234' title='bbox 952 3328 1105 3410; x_wconf 87' lang='lat' dir='ltr'>pluribus</span> <span class='ocrx_word' id='word_1_235' title='bbox 1124 3326 1232 3390; x_wconf 90' lang='lat' dir='ltr'>modis</span> <span class='ocrx_word' id='word_1_236' title='bbox 1246 3326 1318 3389; x_wconf 86' lang='lat' dir='ltr'>dice</span> <span class='ocrx_word' id='word_1_237' title='bbox 1332 3360 1371 3369; x_wconf 95' lang='lat'>-</span> <span class='ocrx_word' id='word_1_238' title='bbox 1387 3324 1411 3407; x_wconf 72' lang='lat' dir='ltr'>ll</span> 
     </span>
     <span class='ocr_line' id='line_1_29' title="bbox 237 3426 1409 3506; baseline 0.005 -21"><span class='ocrx_word' id='word_1_239' title='bbox 237 3426 373 3486; x_wconf 85' lang='lat' dir='ltr'>rentur:</span> <span class='ocrx_word' id='word_1_240' title='bbox 399 3429 460 3490; x_wconf 83' lang='lat' dir='ltr'>etc.</span> <span class='ocrx_word' id='word_1_241' title='bbox 485 3433 526 3490; x_wconf 82' lang='lat' dir='ltr'>In</span> <span class='ocrx_word' id='word_1_242' title='bbox 549 3433 616 3504; x_wconf 67' lang='lat' dir='ltr'>nne</span> <span class='ocrx_word' id='word_1_243' title='bbox 627 3430 705 3506; x_wconf 80' lang='lat' dir='ltr'>post</span> <span class='ocrx_word' id='word_1_244' title='bbox 728 3427 827 3490; x_wconf 80' lang='lat' dir='ltr'>Pauli</span> <span class='ocrx_word' id='word_1_245' title='bbox 840 3430 957 3490; x_wconf 72' lang='lat' dir='ltr'>Ateoeit</span> <span class='ocrx_word' id='word_1_246' title='bbox 979 3428 1167 3503; x_wconf 72' lang='lat' dir='ltr'>sulpiciani·</span> <span class='ocrx_word' id='word_1_247' title='bbox 1181 3441 1232 3501; x_wconf 87' lang='lat' dir='ltr'>ep.</span> <span class='ocrx_word' id='word_1_248' title='bbox 1250 3429 1295 3486; x_wconf 81' lang='lat' dir='ltr'>ad</span> <span class='ocrx_word' id='word_1_249' title='bbox 1309 3426 1383 3486; x_wconf 84' lang='lat' dir='ltr'>lect.</span> <span class='ocrx_word' id='word_1_250' title='bbox 1403 3451 1409 3491; x_wconf 95' lang='lat'><strong>:</strong></span> 
     </span>
     <span class='ocr_line' id='line_1_30' title="bbox 238 3520 1412 3607; baseline -0.002 -23"><span class='ocrx_word' id='word_1_251' title='bbox 238 3523 284 3586; x_wconf 90' lang='grc' dir='ltr'>(ΙΙ</span> <span class='ocrx_word' id='word_1_252' title='bbox 296 3523 493 3604; x_wconf 87' lang='lat' dir='ltr'>Impresium</span> <span class='ocrx_word' id='word_1_253' title='bbox 516 3525 563 3588; x_wconf 87' lang='lat' dir='ltr'>est</span> <span class='ocrx_word' id='word_1_254' title='bbox 585 3527 649 3589; x_wconf 90' lang='lat' dir='ltr'>hoc</span> <span class='ocrx_word' id='word_1_255' title='bbox 669 3543 754 3607; x_wconf 88' lang='lat' dir='ltr'>opus</span> <span class='ocrx_word' id='word_1_256' title='bbox 769 3526 894 3587; x_wconf 89' lang='lat' dir='ltr'>Romae</span> <span class='ocrx_word' id='word_1_257' title='bbox 908 3542 966 3604; x_wconf 86' lang='lat' dir='ltr'>per</span> <span class='ocrx_word' id='word_1_258' title='bbox 990 3522 1148 3601; x_wconf 75' lang='lat' dir='ltr'>magistri]</span> <span class='ocrx_word' id='word_1_259' title='bbox 1161 3520 1188 3603; x_wconf 73' lang='lat' dir='ltr'>ss</span> <span class='ocrx_word' id='word_1_260' title='bbox 1204 3521 1412 3601; x_wconf 86' lang='lat' dir='ltr'>Stephanum</span> 
     </span>
     <span class='ocr_line' id='line_1_31' title="bbox 241 3618 1413 3703; baseline -0.003 -20"><span class='ocrx_word' id='word_1_261' title='bbox 241 3621 396 3685; x_wconf 86' lang='lat' dir='ltr'>Plannek</span> <span class='ocrx_word' id='word_1_262' title='bbox 412 3623 659 3686; x_wconf 87' lang='lat' dir='ltr'>Patauiensem:</span> <span class='ocrx_word' id='word_1_263' title='bbox 685 3622 891 3703; x_wconf 78' lang='lat' dir='ltr'>Absolutuq3</span> <span class='ocrx_word' id='word_1_264' title='bbox 905 3621 931 3703; x_wconf 72' lang='lat' dir='ltr'>(l</span> <span class='ocrx_word' id='word_1_265' title='bbox 950 3622 1012 3686; x_wconf 87' lang='lat' dir='ltr'>die.</span> <span class='ocrx_word' id='word_1_266' title='bbox 1035 3622 1128 3685; x_wconf 87' lang='lat' dir='ltr'>xviii.</span> <span class='ocrx_word' id='word_1_267' title='bbox 1145 3618 1244 3682; x_wconf 80' lang='lat' dir='ltr'>melis</span> <span class='ocrx_word' id='word_1_268' title='bbox 1265 3619 1413 3682; x_wconf 86' lang='lat' dir='ltr'>Ianuarii</span> 
     </span>
     <span class='ocr_line' id='line_1_32' title="bbox 241 3719 1323 3800; baseline -0.005 -18"><span class='ocrx_word' id='word_1_269' title='bbox 241 3721 339 3783; x_wconf 86' lang='lat' dir='ltr'>Anno</span> <span class='ocrx_word' id='word_1_270' title='bbox 355 3721 424 3784; x_wconf 78' lang='lat' dir='ltr'>dni.</span> <span class='ocrx_word' id='word_1_271' title='bbox 442 3723 667 3785; x_wconf 85' lang='lat' dir='ltr'>M.cccc.xcvi.</span> <span class='ocrx_word' id='word_1_272' title='bbox 683 3723 829 3799; x_wconf 67' lang='lat' dir='ltr'>nepote</span> <span class='ocrx_word' id='word_1_273' title='bbox 846 3725 874 3784; x_wconf 83' lang='grc'>1.</span> <span class='ocrx_word' id='word_1_274' title='bbox 898 3738 929 3784; x_wconf 77' lang='lat' dir='ltr'>r.</span> <span class='ocrx_word' id='word_1_275' title='bbox 946 3725 997 3784; x_wconf 83' lang='lat' dir='ltr'>cb.</span> <span class='ocrx_word' id='word_1_276' title='bbox 1015 3737 1044 3783; x_wconf 92' lang='lat' dir='ltr'>c.</span> <span class='ocrx_word' id='word_1_277' title='bbox 1055 3719 1087 3800; x_wconf 76' lang='lat' dir='ltr'>s.</span> <span class='ocrx_word' id='word_1_278' title='bbox 1107 3722 1182 3782; x_wconf 69' lang='lat'>281.</span> <span class='ocrx_word' id='word_1_279' title='bbox 1199 3721 1237 3780; x_wconf 81' lang='grc'>18</span> <span class='ocrx_word' id='word_1_280' title='bbox 1251 3720 1287 3793; x_wconf 84' lang='lat' dir='ltr'>ff.</span> <span class='ocrx_word' id='word_1_281' title='bbox 1307 3736 1323 3777; x_wconf 83' lang='lat'><strong>›</strong></span> 
     </span>
    </p>

    <p class='ocr_par' dir='ltr' id='par_1_9' title="bbox 280 3818 950 3901">
     <span class='ocr_line' id='line_1_33' title="bbox 280 3818 950 3901; baseline -0.006 -18"><span class='ocrx_word' id='word_1_282' title='bbox 280 3853 318 3864; x_wconf 97' lang='lat'><strong>—</strong></span> <span class='ocrx_word' id='word_1_283' title='bbox 334 3822 462 3901; x_wconf 84' lang='lat' dir='ltr'>(XIVa</span> <span class='ocrx_word' id='word_1_284' title='bbox 476 3820 574 3883; x_wconf 87' lang='lat' dir='ltr'>editio</span> <span class='ocrx_word' id='word_1_285' title='bbox 597 3822 703 3884; x_wconf 87' lang='lat' dir='ltr'>nostri</span> <span class='ocrx_word' id='word_1_286' title='bbox 717 3818 930 3900; x_wconf 84' lang='lat' dir='ltr'>conspectus)</span> <span class='ocrx_word' id='word_1_287' title='bbox 944 3837 950 3879; x_wconf 93' lang='lat'>:</span> 
     </span>
    </p>
   </div>
   <div class='ocr_carea' id='block_1_3' title="bbox 241 4001 1415 4286">
    <p class='ocr_par' dir='ltr' id='par_1_10' title="bbox 241 4001 1415 4286">
     <span class='ocr_line' id='line_1_34' title="bbox 272 4001 1414 4073; baseline -0.004 -18"><span class='ocrx_word' id='word_1_288' title='bbox 272 4007 306 4070; x_wconf 84' lang='lat'>(1)</span> <span class='ocrx_word' id='word_1_289' title='bbox 324 4008 380 4058; x_wconf 89' lang='lat' dir='ltr'>Illae</span> <span class='ocrx_word' id='word_1_290' title='bbox 397 4010 471 4073; x_wconf 76' lang='lat' dir='ltr'>igitur</span> <span class='ocrx_word' id='word_1_291' title='bbox 487 4009 607 4058; x_wconf 81' lang='lat' dir='ltr'>editiones</span> <span class='ocrx_word' id='word_1_292' title='bbox 623 4007 845 4073; x_wconf 71' lang='lat' dir='ltr'>Dissertationum</span> <span class='ocrx_word' id='word_1_293' title='bbox 861 4010 886 4055; x_wconf 88' lang='lat' dir='ltr'>et</span> <span class='ocrx_word' id='word_1_294' title='bbox 908 4006 1119 4069; x_wconf 76' lang='lat' dir='ltr'>synonymorum</span> <span class='ocrx_word' id='word_1_295' title='bbox 1141 4004 1171 4052; x_wconf 91' lang='lat' dir='ltr'>ad</span> <span class='ocrx_word' id='word_1_296' title='bbox 1190 4018 1258 4052; x_wconf 87' lang='lat' dir='ltr'>usum</span> <span class='ocrx_word' id='word_1_297' title='bbox 1277 4001 1414 4051; x_wconf 86' lang='lat' dir='ltr'>scholarum</span> 
     </span>
     <span class='ocr_line' id='line_1_35' title="bbox 241 4070 1415 4142; baseline -0.009 -14"><span class='ocrx_word' id='word_1_298' title='bbox 241 4078 378 4142; x_wconf 85' lang='lat' dir='ltr'>publicatae</span> <span class='ocrx_word' id='word_1_299' title='bbox 398 4084 454 4128; x_wconf 85' lang='lat' dir='ltr'>suut</span> <span class='ocrx_word' id='word_1_300' title='bbox 481 4080 578 4128; x_wconf 88' lang='lat' dir='ltr'>saeculo</span> <span class='ocrx_word' id='word_1_301' title='bbox 596 4078 665 4129; x_wconf 62' lang='lat' dir='ltr'>xvv.</span> <span class='ocrx_word' id='word_1_302' title='bbox 688 4077 746 4126; x_wconf 89' lang='lat' dir='ltr'>Inde</span> <span class='ocrx_word' id='word_1_303' title='bbox 764 4078 900 4139; x_wconf 81' lang='lat' dir='ltr'>explicatur</span> <span class='ocrx_word' id='word_1_304' title='bbox 923 4081 947 4126; x_wconf 85' lang='lat' dir='ltr'>ei</span> <span class='ocrx_word' id='word_1_305' title='bbox 960 4075 1147 4125; x_wconf 86' lang='lat' dir='ltr'>contubernium</span> <span class='ocrx_word' id='word_1_306' title='bbox 1164 4073 1225 4122; x_wconf 86' lang='lat' dir='ltr'>Fatii</span> <span class='ocrx_word' id='word_1_307' title='bbox 1247 4070 1415 4121; x_wconf 68' lang='grc'>001006100-</span> 
     </span>
     <span class='ocr_line' id='line_1_36' title="bbox 241 4143 1415 4213; baseline -0.009 -13"><span class='ocrx_word' id='word_1_308' title='bbox 241 4165 301 4200; x_wconf 86' lang='lat' dir='ltr'>rone</span> <span class='ocrx_word' id='word_1_309' title='bbox 317 4151 419 4213; x_wconf 81' lang='lat' dir='ltr'>»juncti</span> <span class='ocrx_word' id='word_1_310' title='bbox 434 4156 459 4200; x_wconf 89' lang='lat' dir='ltr'>et</span> <span class='ocrx_word' id='word_1_311' title='bbox 480 4150 608 4200; x_wconf 85' lang='lat' dir='ltr'>multitudo</span> <span class='ocrx_word' id='word_1_312' title='bbox 623 4164 696 4212; x_wconf 89' lang='lat' dir='ltr'>quam</span> <span class='ocrx_word' id='word_1_313' title='bbox 719 4149 830 4198; x_wconf 86' lang='lat' dir='ltr'>videmus</span> <span class='ocrx_word' id='word_1_314' title='bbox 853 4148 988 4198; x_wconf 87' lang='lat' dir='ltr'>editionum</span> <span class='ocrx_word' id='word_1_315' title='bbox 1009 4151 1034 4196; x_wconf 87' lang='lat' dir='ltr'>et</span> <span class='ocrx_word' id='word_1_316' title='bbox 1055 4146 1163 4210; x_wconf 83' lang='lat' dir='ltr'>Hagenio</span> <span class='ocrx_word' id='word_1_317' title='bbox 1185 4149 1210 4194; x_wconf 90' lang='lat' dir='ltr'>et</span> <span class='ocrx_word' id='word_1_318' title='bbox 1230 4143 1318 4192; x_wconf 83' lang='lat' dir='ltr'>Roibio</span> <span class='ocrx_word' id='word_1_319' title='bbox 1337 4146 1362 4190; x_wconf 88' lang='lat' dir='ltr'>et</span> <span class='ocrx_word' id='word_1_320' title='bbox 1378 4145 1415 4190; x_wconf 90' lang='lat' dir='ltr'>tot</span> 
     </span>
     <span class='ocr_line' id='line_1_37' title="bbox 243 4222 652 4286; baseline 0.007 -17"><span class='ocrx_word' id='word_1_321' title='bbox 243 4222 305 4273; x_wconf 87' lang='lat' dir='ltr'>viris</span> <span class='ocrx_word' id='word_1_322' title='bbox 323 4223 402 4272; x_wconf 83' lang='lat' dir='ltr'>doctis</span> <span class='ocrx_word' id='word_1_323' title='bbox 419 4224 517 4272; x_wconf 90' lang='lat' dir='ltr'>omnino</span> <span class='ocrx_word' id='word_1_324' title='bbox 531 4222 652 4286; x_wconf 82' lang='lat' dir='ltr'>ignorata.</span> 
     </span>
    </p>
   </div>
   <div class='ocr_carea' id='block_1_4' title="bbox 243 4310 1414 4443">
    <p class='ocr_par' dir='ltr' id='par_1_11' title="bbox 243 4310 1414 4443">
     <span class='ocr_line' id='line_1_38' title="bbox 274 4310 1414 4383; baseline -0.011 -13"><span class='ocrx_word' id='word_1_325' title='bbox 274 4322 308 4383; x_wconf 76' lang='lat'>(2)</span> <span class='ocrx_word' id='word_1_326' title='bbox 324 4341 336 4366; x_wconf 89' lang='lat'>«</span> <span class='ocrx_word' id='word_1_327' title='bbox 350 4322 396 4370; x_wconf 84' lang='lat' dir='ltr'>Ad</span> <span class='ocrx_word' id='word_1_328' title='bbox 412 4320 535 4371; x_wconf 80' lang='lat' dir='ltr'>laudatos</span> <span class='ocrx_word' id='word_1_329' title='bbox 552 4340 573 4381; x_wconf 70' lang='lat' dir='ltr'>i,</span> <span class='ocrx_word' id='word_1_330' title='bbox 603 4319 698 4369; x_wconf 83' lang='lat' dir='ltr'>scilieet</span> <span class='ocrx_word' id='word_1_331' title='bbox 711 4335 724 4367; x_wconf 80' lang='lat' dir='ltr'>u</span> <span class='ocrx_word' id='word_1_332' title='bbox 739 4317 776 4366; x_wconf 84' lang='lat' dir='ltr'>od</span> <span class='ocrx_word' id='word_1_333' title='bbox 790 4317 888 4366; x_wconf 81' lang='lat' dir='ltr'>Pueros</span> <span class='ocrx_word' id='word_1_334' title='bbox 904 4335 916 4360; x_wconf 83' lang='lat'>»</span> <span class='ocrx_word' id='word_1_335' title='bbox 929 4315 1041 4365; x_wconf 85' lang='lat' dir='ltr'>laudatos</span> <span class='ocrx_word' id='word_1_336' title='bbox 1055 4316 1086 4364; x_wconf 90' lang='lat' dir='ltr'>ab</span> <span class='ocrx_word' id='word_1_337' title='bbox 1102 4313 1193 4363; x_wconf 81' lang='lat' dir='ltr'>Heinio</span> <span class='ocrx_word' id='word_1_338' title='bbox 1208 4313 1233 4362; x_wconf 93' lang='lat' dir='ltr'>in</span> <span class='ocrx_word' id='word_1_339' title='bbox 1248 4310 1414 4374; x_wconf 79' lang='lat' dir='ltr'>descriptione</span> 
     </span>
     <span class='ocr_line' id='line_1_39' title="bbox 243 4388 714 4443; baseline -0.002 -2"><span class='ocrx_word' id='word_1_340' title='bbox 243 4393 357 4442; x_wconf 86' lang='lat' dir='ltr'>editionis</span> <span class='ocrx_word' id='word_1_341' title='bbox 369 4398 468 4443; x_wconf 87' lang='lat' dir='ltr'>nostrae</span> <span class='ocrx_word' id='word_1_342' title='bbox 483 4391 504 4440; x_wconf 88' lang='lat' dir='ltr'>X</span> <span class='ocrx_word' id='word_1_343' title='bbox 535 4430 541 4441; x_wconf 89' lang='lat'><strong>.</strong></span> <span class='ocrx_word' id='word_1_344' title='bbox 710 4388 714 4398; x_wconf 91' lang='lat'>&#39;</span> 
     </span>
    </p>
   </div>
   <div class='ocr_carea' id='block_1_5' title="bbox 244 4480 1415 4627">
    <p class='ocr_par' dir='ltr' id='par_1_12' title="bbox 244 4480 1415 4627">
     <span class='ocr_line' id='line_1_40' title="bbox 275 4480 1415 4555; baseline -0.011 -14"><span class='ocrx_word' id='word_1_345' title='bbox 275 4492 309 4555; x_wconf 82' lang='grc'>(3)</span> <span class='ocrx_word' id='word_1_346' title='bbox 324 4493 375 4541; x_wconf 87' lang='grc'>1100</span> <span class='ocrx_word' id='word_1_347' title='bbox 403 4492 478 4541; x_wconf 90' lang='lat' dir='ltr'>verbo</span> <span class='ocrx_word' id='word_1_348' title='bbox 505 4491 649 4554; x_wconf 84' lang='lat' dir='ltr'>designatur</span> <span class='ocrx_word' id='word_1_349' title='bbox 664 4490 684 4538; x_wconf 91' lang='lat' dir='ltr'>is</span> <span class='ocrx_word' id='word_1_350' title='bbox 709 4489 746 4553; x_wconf 90' lang='lat' dir='ltr'>(ut</span> <span class='ocrx_word' id='word_1_351' title='bbox 759 4489 793 4538; x_wconf 88' lang='lat' dir='ltr'>ita</span> <span class='ocrx_word' id='word_1_352' title='bbox 812 4487 900 4548; x_wconf 85' lang='lat' dir='ltr'>dicam)</span> <span class='ocrx_word' id='word_1_353' title='bbox 926 4487 1007 4536; x_wconf 75' lang='lat' dir='ltr'>index</span> <span class='ocrx_word' id='word_1_354' title='bbox 1027 4500 1076 4549; x_wconf 87' lang='lat' dir='ltr'>quo</span> <span class='ocrx_word' id='word_1_355' title='bbox 1101 4484 1306 4534; x_wconf 82' lang='lat' dir='ltr'>enumerabuntur</span> <span class='ocrx_word' id='word_1_356' title='bbox 1320 4480 1415 4544; x_wconf 85' lang='lat' dir='ltr'>singula</span> 
     </span>
     <span class='ocr_line' id='line_1_41' title="bbox 244 4557 1084 4627; baseline -0.006 -14"><span class='ocrx_word' id='word_1_357' title='bbox 244 4565 321 4614; x_wconf 81' lang='lat' dir='ltr'>verba</span> <span class='ocrx_word' id='word_1_358' title='bbox 334 4578 349 4613; x_wconf 89' lang='lat' dir='ltr'>a</span> <span class='ocrx_word' id='word_1_359' title='bbox 362 4563 451 4627; x_wconf 90' lang='lat' dir='ltr'>quibus</span> <span class='ocrx_word' id='word_1_360' title='bbox 468 4562 556 4626; x_wconf 79' lang='lat' dir='ltr'>singuli</span> <span class='ocrx_word' id='word_1_361' title='bbox 571 4562 743 4627; x_wconf 81' lang='lat' dir='ltr'>quaterniones</span> <span class='ocrx_word' id='word_1_362' title='bbox 757 4560 814 4610; x_wconf 90' lang='lat' dir='ltr'>libri</span> <span class='ocrx_word' id='word_1_363' title='bbox 828 4559 911 4609; x_wconf 78' lang='lat' dir='ltr'>excusi</span> <span class='ocrx_word' id='word_1_364' title='bbox 925 4557 1084 4622; x_wconf 87' lang='lat' dir='ltr'>incipiebant.</span> 
     </span>
    </p>
   </div>
   <div class='ocr_carea' id='block_1_6' title="bbox 0 0 1653 5460">
    <p class='ocr_par' dir='ltr' id='par_1_13' title="bbox 0 0 1653 5460">
     <span class='ocr_line' id='line_1_42' title="bbox 0 0 1653 5460; baseline 0 0"><span class='ocrx_word' id='word_1_365' title='bbox 0 0 1653 5460; x_wconf 95' lang='lat' dir='ltr'> </span> 
     </span>
    </p>
   </div>
  </div>
 </body>
</html>
