3256 5460
236 574 276 638 18
426 589 470 634 nn
491 589 586 636 uano
608 588 875 637 oernoeavnrave
888 590 1051 636 simonen
1074 587 1150 635 nans
1172 589 1206 636 ιιι

270 761 308 827 2.
324 796 361 807 -
377 763 517 827 Ceterae
530 765 840 839 imuseoitspecins
854 765 1017 827 editiones
1034 786 1048 819 (ι
1064 765 1267 840 apopropito
1285 784 1297 819 ι
1314 764 1407 826 sunt.

240 895 274 906 -
288 864 338 924 De
352 863 496 925 editione
510 866 699 926 Brentiano
712 866 872 926 secundo.
888 897 928 908 —
942 863 1143 942 Quanquam
1158 860 1301 924 Rothius
1316 877 1409 924 asse-

232 958 301 1020 ruit
322 958 483 1022 editiones
506 963 697 1023 nostrarum
718 959 988 1024 Differentiarum
1007 964 1143 1036 prtinus
1168 975 1241 1020 esse
1263 959 1407 1037 quaein

231 1060 414 1138 conspectu
430 1062 545 1121 nostro
557 1061 682 1123 ΧΧΙΙΙ8
697 1062 730 1122 et
743 1060 864 1123 llllllla
880 1059 1101 1121 numerantur
1114 1060 1148 1118 et
1163 1073 1259 1135 quae,
1276 1056 1407 1119 etiamsi

232 1154 367 1217 initium
387 1157 537 1237 capiatur
557 1156 600 1219 ab
623 1156 815 1220 Isidorianis
829 1155 1042 1226 editionibus,
1058 1156 1119 1218 IV³
1132 1156 1166 1216 et
1179 1153 1223 1214 V⁸
1237 1152 1408 1216 vocandae

232 1255 313 1314 sunt
323 1251 377 1330 (1),
394 1271 457 1316 nos
471 1256 582 1316 tamen
597 1254 673 1317 illas
687 1272 760 1318 esse
773 1259 911 1318 ultimus
926 1257 959 1317 et
977 1251 1224 1316 recentissimas
1243 1249 1408 1312 indicavi-

231 1368 308 1414 mus
318 1352 375 1429 (1).
387 1352 459 1415 Hoc
470 1353 572 1430 igitur
583 1370 673 1416 anno
686 1358 762 1417 1662
774 1372 841 1435 quo
854 1354 1068 1434 pervenimus
1080 1352 1218 1423 stantes,
1231 1347 1409 1411 observare

231 1447 389 1512 debemus
404 1467 466 1512 nos
478 1450 549 1530 jam
564 1468 680 1515 omnes
694 1453 876 1534 (quotquot
890 1450 1025 1533 quidem
1038 1447 1262 1512 innotuerunt
1276 1446 1409 1508 curiose

232 1545 494 1627 inquirentibus)
519 1549 680 1613 editiones
700 1553 949 1615 enumeravisse
972 1566 1059 1630 quae
1084 1544 1210 1626 aliquid
1231 1544 1312 1606 novi
1332 1543 1408 1624 (seu

231 1645 312 1708 boni
328 1663 387 1709 seu
402 1645 493 1727 mali)
509 1646 626 1710 afferre
640 1653 783 1729 possunt
793 1649 834 1713 ad
848 1652 980 1712 textum
987 1644 1230 1710 recensendum
1238 1644 1407 1704 nostrum.

266 1744 854 1824 Etenim‚p0stquamcbitertantum
864 1735 1406 1819 memoraverimusirustulumffi)

232 1843 441 1907 collectionis
457 1846 590 1906 nostrae
606 1837 699 1907 anno
716 1850 793 1909 1666
808 1864 828 1909 a
842 1845 1002 1908 Puiscbio
1014 1842 1062 1926 (1)
1082 1840 1306 1923 publicatum,
1322 1834 1408 1898 nihil

128 1970 133 1978 ·
228 1941 299 2020 Jam
323 1940 387 2004 sub
415 1943 564 2006 numeris
593 1944 717 2007 nostris
744 1943 990 2005 XXV—XXVIII
1018 1937 1247 2004 ordinabimus
1277 1935 1408 2014 praeter

233 2040 423 2119 apographa
435 2057 527 2102 mera
541 2040 726 2103 editionum
740 2044 819 2103 ante
832 2058 862 2103 a.
885 2044 962 2104 1661
978 2052 1191 2102 excusarum.

273 2169 312 2182 -
340 2137 489 2201 XXV⁸¹¹¹
507 2140 598 2202 enim
615 2140 865 2202 nominabimus
886 2139 1064 2201 editionem
1086 2131 1268 2199 secundam
1281 2128 1407 2191 Breulii

228 2233 341 2315 (cujus
356 2237 498 2316 primam
512 2237 610 2300 modo
621 2237 849 2300 ordinavimus
860 2237 924 2300 sub
935 2248 970 2298 n⁰
985 2236 1109 2298 ΧΧΙΠο
1125 2229 1263 2309 nostro).
1279 2225 1406 2288 Breulii

231 2333 290 2396 illa
305 2354 320 2396 ι
337 2339 451 2399 Editio
463 2339 639 2412 postremo
656 2340 801 2414 deletion,
829 2339 860 2399 et
885 2337 1085 2408 connection,
1103 2335 1260 2396 coioniae
1281 2329 1405 2402 Aerip-

225 2435 341 2510 pinne,
367 2436 556 2510 coemptione
584 2436 723 2498 Antonii
752 2437 885 2509 literni,
916 2449 1006 2498 anno
1027 2431 1103 2494 1617
1125 2450 1140 2490 ι
1164 2428 1338 2511 publicata
1352 2425 1404 2485 est

225 2529 339 2593 eadem
353 2529 460 2595 forma
476 2551 543 2614 qua
557 2535 646 2615 prior
661 2532 712 2617 (5)
725 2553 732 2608 ;
758 2533 814 2596 sed
830 2537 883 2596 631
902 2531 983 2613 (ιιοιι
998 2532 1156 2613 amplius)
1178 2533 1403 2594 numerantur

225 2630 375 2709 paginae,
400 2648 483 2711 quas
499 2630 843 2712 sequunturlridices.

267 2729 420 2791 Ceterum
443 2730 482 2792 de
506 2748 544 2793 ea
572 2729 715 2793 conferri
739 2733 850 2812 potest
871 2730 1048 2810 descriptio
1065 2747 1167 2810 quarn
1182 2728 1403 2811 Arevalusti)

227 2829 366 2907 exponit
378 2847 386 2902 ;
402 2826 461 2890 ubi
474 2829 737 2892 isidorianorum
751 2833 869 2892 auctor
880 2828 959 2892 deos
967 2828 1113 2908 deasque
1127 2846 1245 2891 omnes
1260 2830 1403 2890 testatur

225 2928 364 2990 alteram
389 2927 603 2990 Breulianam
641 2928 811 3009 (quamvis
848 2927 947 2989 titulo
986 2926 1176 2990 venditeiur
1210 2925 1402 3006 ambitioso)

224 3025 364 3088 minime
389 3026 607 3088 «auctiorem
630 3031 662 3089 et
685 3027 948 3090 correctiorem»
975 3025 1153 3088 editionem
1182 3042 1255 3089 esse
1280 3025 1400 3105 priore,

225 3122 281 3185 sed
296 3126 430 3186 tantum
443 3141 534 3187 mere
558 3149 571 3182 u
589 3127 762 3205 repetitam
785 3143 805 3188 a
827 3124 1075 3206 typographo».
1101 3125 1274 3187 Hactenus
1299 3124 1402 3201 igitur

226 3218 265 3281 de
279 3221 475 3300 repetitione
488 3223 553 3286 isia
567 3224 684 3304 prioris
699 3223 899 3304 exemplaris
916 3246 932 3278 «
947 3223 1061 3285 minus
1076 3224 1231 3300 eleganti.
1249 3242 1265 3284 ι

264 3381 299 3445 3.
326 3416 367 3428 -
398 3388 448 3446 De
473 3385 576 3447 tentio
614 3387 812 3460 Gotnofnedi
844 3387 989 3448 editione
1018 3388 1173 3459 Haoenio
1202 3386 1330 3461 innota.
1361 3417 1401 3430 -—

224 3479 393 3543 ΧΧἮ811
420 3483 476 3544 hic
504 3484 803 3547 annumerabimus
838 3483 970 3546 tertiam
1003 3481 1193 3545 Gothclredi
1221 3483 1400 3547 editionem

256 3658 290 3722 (1)
305 3657 342 3710 61.
369 3675 442 3724 snpra
463 3667 574 3713 nostram
596 3663 675 3712 xxam
697 3662 860 3728 (Margarini),
884 3665 993 3713 nostram
1017 3661 1109 3711 ΧΧΙιιῑῃ
1130 3660 1238 3727 (Grialii)
1253 3666 1277 3713 et
1292 3666 1400 3713 nostram

225 3729 326 3779 xxiiam
341 3732 449 3797 (lucerii)
466 3733 606 3785 editionem.

255 3820 290 3885 (2)
304 3821 368 3870 Vide
381 3837 455 3886 supra
468 3828 480 3884 ἓ
495 3824 514 3884 l,
531 3825 553 3876 1.

254 3908 289 3974 (3)
305 3911 435 3960 Putschins
449 3914 512 3963 euim
535 3915 566 3965 55
591 3919 683 3965 lantum
698 3919 837 3966 nostrarum
850 3914 897 3964 256
911 3914 1106 3965 Differentieruur
1120 3916 1196 3975 novit,
1220 3930 1283 3980 quae
1299 3920 1356 3966 sunt
1369 3917 1401 3967 55

225 3982 317 4044 primae
331 3982 511 4035 Handiannrum
532 3987 563 4036 75
583 3986 688 4037 illarum.
712 3985 840 4046 Quodnam
864 3991 943 4036 antem
967 3986 1060 4036 codicis
1085 4001 1163 4051 genus
1177 3987 1311 4038 Puiscbins
1333 3989 1400 4052 typis

225 4054 382 4116 mandaverit,
396 4058 525 4119 exponitur
536 4059 600 4108 inira
616 4074 640 4122 p.
656 4058 687 4110 81
700 4073 740 4109 an.
755 4060 779 4110 1.

256 4141 290 4206 (1)
305 4142 356 4192 Sub
370 4145 441 4194 titulo
453 4166 465 4192 «
481 4147 580 4197 Incerti
593 4146 625 4197 de
644 4148 813 4213 Differentiae
838 4162 928 4198 vocum
945 4167 957 4193 ιι
972 4153 1034 4213 etp.
1050 4149 1112 4202 2203
1127 4149 1278 4200 collectionis
1293 4150 1399 4215 inscrip-

226 4217 280 4262 tae:
296 4232 307 4258 «
326 4214 519 4267 Grammaticae
531 4216 634 4267 latinae
650 4221 774 4269 ductores
788 4220 902 4285 antiqui.
921 4238 933 4265 ιι
949 4219 1033 4282 Quam,
1048 4236 1102 4270 cum
1117 4221 1230 4270 omnibus
1245 4225 1302 4270 nota
1317 4221 1359 4284 sii,
1375 4226 1399 4272 et

226 4284 250 4331 in
266 4290 377 4348 promptu
394 4291 440 4336 siet
457 4289 555 4352 ubique,
572 4289 650 4338 fusius
664 4291 806 4341 describere
821 4292 1014 4354 supersedimus.
1036 4293 1077 4344 ci.
1096 4293 1194 4343 Prenss.
1208 4307 1251 4356 pp.
1267 4293 1298 4342 25
1312 4297 1336 4342 et
1349 4293 1397 4357 523
1465 4299 1467 4303 “

228 4353 382 4420 Gutoioqoe.
396 4394 421 4408 ..
437 4360 482 4409 des
496 4362 702 4425 De'partements
715 4366 734 4409 1.
755 4362 764 4410 l
780 4377 805 4426 p.
821 4362 879 4413 ili.

257 4445 290 4508 (5)
305 4444 377 4495 Teste
391 4448 477 4497 eodem
492 4464 563 4509 ouem
576 4464 651 4513 supra
662 4450 814 4500 laudavimus
828 4467 854 4515 p.
870 4453 901 4503 55
916 4468 955 4504 an.
970 4454 996 4505 3.

257 4533 291 4598 (6)
306 4534 334 4584 Τ.
350 4535 360 4583 l
374 4550 399 4601 p.
414 4535 461 4586 286
475 4538 520 4588 sub
535 4539 583 4589 line
595 4539 683 4604 capitis
698 4539 821 4594 xxxvii.
