3256 5460
235 562 273 625 10
523 581 565 626 nn
587 581 684 627 mano
706 582 749 624 us
763 579 979 627 reorerrrerr
993 577 1154 625 ssereret

275 774 288 805 α
313 751 444 813 Etenim
460 751 488 814 si
503 753 538 822 Q.
558 752 719 815 Scaevola
733 753 790 815 ille
804 769 921 829 augur,
939 768 1018 813 cum
1036 749 1166 829 dejure
1184 747 1402 828 praediatorio

232 848 475 922 consuleretur,
499 850 600 912 homo
616 850 702 930 juris
731 852 963 930 peritissimus,
987 848 1196 911 consultores
1224 864 1304 910 suos
1333 864 1402 909 non

232 964 409 1026 nunquam
431 947 471 1009 ad
492 948 631 1011 Furium
655 952 688 1011 et
712 950 909 1012 Cascellium
932 948 1152 1029 praediatores
1173 944 1353 1026 rejiciebat,
1375 948 1403 1009 si

231 1062 293 1108 nos
314 1045 355 1108 de
375 1063 466 1120 eque
490 1050 604 1109 nostra
625 1048 816 1111 Tusculana
837 1050 880 1110 M.
906 1051 1088 1124 Tuetouem
1109 1046 1220 1125 polius
1241 1061 1343 1124 quam
1365 1045 1399 1108 C.

230 1143 405 1223 Aquilium
419 1143 690 1221 consulebamus,
708 1146 797 1226 quod
811 1151 971 1209 assiduus
985 1161 1069 1208 usus
1082 1149 1144 1207 unt
1157 1148 1210 1206 rel
1224 1145 1355 1206 deditus
1369 1147 1402 1206 et

229 1242 404 1318 ingenium
419 1245 452 1304 et
466 1246 571 1304 artem
586 1260 683 1323 saepe
697 1245 814 1319 vincit,
828 1245 904 1324 quis
918 1242 1047 1305 dubitet
1061 1242 1100 1304 de
1114 1238 1301 1304 foederibus
1316 1244 1350 1303 et
1362 1241 1402 1303 de

230 1342 299 1402 tolo
311 1339 387 1420 jure
401 1340 492 1419 pacis
506 1344 540 1401 et
554 1339 633 1402 belli
647 1340 842 1404 hominibus
854 1341 941 1423 juris
960 1341 1168 1421 peritissimis
1187 1340 1401 1418 imperatores

229 1440 361 1501 nostros
376 1435 565 1501 anteferre?
583 1460 595 1493 l)

268 1536 324 1598 Nil
339 1539 429 1598 velat
439 1553 501 1600 nos
517 1537 679 1617 suspicari
695 1539 890 1601 consultum
905 1538 1002 1600 illum
1016 1535 1058 1600 ab
1073 1537 1189 1600 iisdem
1200 1535 1402 1616 quaestioni·

227 1634 291 1698 bus
306 1652 493 1712 cognomen
512 1637 681 1715 accepisse
704 1654 762 1717 per
777 1654 861 1717 quas
876 1635 1001 1699 lamam
1019 1637 1158 1698 meritus
1178 1638 1238 1711 est,
1254 1637 1316 1697 el«
1339 1639 1402 1699 Pte«

225 1737 361 1810 otonem
376 1749 390 1789 l·
407 1751 427 1796 a
444 1757 457 1791 «
475 1735 555 1811 lupo
571 1757 585 1789 »
611 1737 723 1796 ortum
737 1752 821 1798 esse.
843 1735 938 1798 Unde
952 1733 1166 1796 concluditur
1180 1730 1321 1795 verbum
1335 1732 1400 1796 hoc

226 1831 316 1913 quod
331 1832 424 1895 solus
439 1832 523 1894 liber
533 1835 647 1896 noster
661 1835 808 1895 servavit
821 1851 894 1897 esse
908 1835 954 1894 M.
974 1832 1074 1895 Tullii
1094 1831 1244 1912 aequale.

271 1935 373 2008 Tuae,
382 1933 421 1993 ut
431 1934 591 2012 putamus
602 1932 747 2012 quidem,
760 1931 877 1996 affinia
888 1935 969 1995 sunt
978 1930 1079 1994 verba
1089 1931 1317 1994 recentissima
1325 1931 1399 2006 tria,

229 2033 383 2092 nostrum
395 2029 435 2110 (l)
453 2033 557 2106 torae
569 2029 597 2108 t*
608 2031 795 2110 lupellum),
813 2035 845 2092 el
859 2031 1033 2110 hispanica
1047 2029 1132 2092 duo:
1149 2044 1292 2108 quorum
1308 2028 1400 2107 prius

116 2103 119 2110 Δ
225 2129 321 2190 tueco
342 2127 385 2208 (9)
416 2126 583 2204 significat
614 2153 627 2183 «
655 2131 774 2205 laeum
815 2131 849 2191 in
879 2146 962 2191 cavo
986 2131 1106 2190 trunco
1139 2127 1246 2207 putris
1272 2125 1399 2189 arboris

226 2228 392 2288 vetustate
406 2224 588 2288 formatum
605 2246 641 2301 »3
665 2227 808 2289 alterum
829 2228 917 2307 quod
939 2231 988 2289 est
1013 2226 1149 2289 luetone
1165 2225 1208 2306 (3)
1233 2223 1400 2301 siguificat

232 2322 412 2384 medullam
424 2322 546 2402 (neque
560 2323 743 2385 absurdum
758 2329 808 2387 est
822 2343 901 2387 cum
918 2329 997 2401 lugo
1012 2324 1196 2404 comparari
1210 2339 1258 2397 os,
1277 2323 1399 2402 quippe

231 2421 266 2481 in
282 2437 350 2500 quo
365 2420 511 2483 medulla
526 2423 739 2484 contineatur
752 2427 791 2484 ul
806 2424 840 2484 in
856 2427 936 2500 lugo
951 2421 1063 2502 aqua).

266 2517 305 2579 In
322 2505 439 2580 Italica
449 2535 526 2580 vero
542 2518 658 2594 lingua
673 2519 818 2594 nullum,
828 2523 868 2581 ut
883 2519 1017 2600 quidem
1028 2518 1279 2598 putamuslupt
1294 2518 1400 2579 nostri

227 2616 388 2696 reperitur
409 2617 596 2692 vestigium.
615 2618 731 2697 Neque
746 2619 836 2679 enim
853 2617 978 2680 adrem
994 2620 1142 2680 nostram
1157 2616 1300 2696 pertinet
1314 2615 1401 2677 itali-

227 2732 307 2778 cum
324 2717 405 2792 lupa
430 2714 570 2777 verbum
594 2715 682 2794 quod
704 2718 752 2778 sic
772 2716 939 2778 definiunt
958 2717 1020 2777 viri
1043 2716 1132 2778 docti
1156 2717 1352 2778 Tommaseo
1367 2717 1401 2776 et

229 2814 349 2876 Bellini
364 2814 398 2873 in
414 2814 537 2875 Lexico
557 2813 635 2893 (vol.
653 2816 710 2889 IV,
723 2817 806 2893 part.
826 2819 853 2890 2,
871 2832 903 2894 p.
922 2815 1011 2893 loll)
1029 2835 1036 2875 :
1056 2814 1209 2890 «Toga...
1228 2814 1398 2876 Camerao

225 2912 395 2990 gabinelto
422 2929 520 2992 sopra
552 2917 686 2992 coperta
715 2913 794 2975 d'un
823 2912 1036 2988 baslimento,
1066 2912 1344 2974 ordinariameute
1379 2929 1398 2974 a

226 3029 347 3092 poppa,
364 3012 426 3072 che
447 3028 541 3074 serve
554 3011 587 3072 di
603 3015 718 3074 stanna
741 3012 772 3073 al
795 3013 961 3091 capitano.
983 3014 1182 3074 Rammenta
1201 3011 1225 3072 il
1239 3027 1286 3087 gr.
1305 3011 1394 3091 Τέγη,

226 3112 326 3189 'itque
343 3111 447 3183 Tell0,
466 3111 547 3171 Casa
561 3127 579 3170 e
593 3110 616 3170 il
632 3110 687 3172 lat.
705 3111 791 3187 Tego
809 3134 833 3172 ».

267 3205 328 3269 Sed
342 3207 429 3267 inter
442 3206 619 3285 antiquum
635 3211 752 3284 lupum
777 3211 809 3270 et
830 3209 1059 3270 recentissima
1073 3210 1189 3283 lurae,
1208 3210 1312 3281 luero,
1330 3203 1398 3268 tue-

227 3306 307 3367 lano
322 3302 434 3379 verba,
454 3303 589 3383 praebet
617 3306 761 3367 Medium
781 3308 911 3368 Aevum
926 3305 1008 3369 duas
1028 3303 1151 3367 formas
1167 3321 1254 3384 quae
1273 3304 1399 3367 adrem

229 3406 378 3466 nostram
393 3403 569 3482 pertinent.

269 3500 339 3564 Sub
349 3499 417 3563 fine
431 3501 521 3563 enim
536 3502 693 3564 Glossarii
708 3502 824 3564 Isidori
839 3501 914 3580 (col.
931 3506 968 3565 32
984 3501 1137 3565 editionis
1150 3500 1316 3564 secundae
1330 3501 1396 3562 Go-

257 3731 292 3796 (1)
307 3732 363 3781 Diez
381 3733 479 3796 quidem
494 3738 518 3783 et
533 3738 589 3796 post
614 3734 682 3782 illum
696 3735 890 3797 Meyer-tuente
904 3739 929 3784 et
942 3734 1060 3797 Koerting
1079 3737 1103 3782 et
1124 3733 1212 3796 reliqui
1228 3751 1239 3777 ι(
1257 3735 1342 3797 luyatt
1356 3751 1368 3777 u
1384 3747 1398 3781 u

228 3803 302 3852 ludet
318 3808 402 3865 putant
416 3810 494 3853 ortum
511 3819 575 3854 esse.
592 3805 651 3867 Sed,
667 3807 687 3854 si
708 3807 796 3855 doctus
812 3807 868 3855 Diez
890 3811 985 3871 lupum
1009 3806 1126 3864 novisset,
1146 3819 1195 3853 non
1208 3804 1308 3853 verbum
1325 3804 1397 3854 ludel

226 3874 286 3923 illud
301 3875 470 3938 requisivisset
484 3877 513 3924 ad
530 3882 639 3926 nostrum
655 3879 741 3926 sallem
757 3885 838 3942 luyuu
858 3878 1040 3941 explicandum.

257 3966 292 4027 (9)
311 3964 418 4013 Verbum
431 3968 507 4014 luero
522 3967 641 4029 geminam
654 3969 755 4016 lormarn
775 3968 849 4017 habel
863 3971 960 4017 luere:
984 3969 1018 4017 cl.
1037 3969 1157 4023 mutere,
1173 3969 1293 4024 munere,
1306 3965 1396 4025 burco,

227 4036 319 4086 ltueeu.
332 4036 382 4084 Nos
394 4050 452 4084 vero
467 4043 539 4086 luceo
556 4040 596 4086 a*
611 4041 717 4101 luperco
731 4042 810 4087 ortum
825 4054 879 4087 esse
895 4045 1015 4101 putamus.
1038 4038 1145 4101 Namque
1163 4038 1194 4086 de
1213 4064 1244 4074 -
1263 4052 1321 4087 ecco
1331 4039 1397 4100 quod

228 4108 253 4155 in
269 4107 397 4169 hispanica
411 4108 532 4170 lingua—
547 4125 590 4159 eoo
607 4111 640 4166 dt,
658 4111 688 4158 cl.
702 4110 757 4157 Diez
773 4110 878 4161 Gremm.
895 4111 918 4158 in
933 4110 959 4159 3Ι
971 4110 1020 4166 ed..
1036 4111 1098 4160 trad.
1115 4114 1132 4160 t.
1146 4109 1165 4166 Ι,
1180 4125 1207 4171 p.
1223 4108 1270 4158 33l
1285 4123 1314 4156 ac
1335 4113 1352 4160 t.
1366 4109 1396 4170 ll,

229 4194 255 4241 p.
273 4177 319 4226 282
338 4183 361 4227 et
376 4179 584 4242 Meyer-Luebke‚
610 4181 672 4231 trad.
695 4184 714 4228 t.
735 4180 764 4240 ΙΙ,
780 4195 804 4242 p.
825 4180 869 4229 591
893 4182 947 4241 (sub
971 4181 1018 4229 flue
1042 4187 1053 4240 5
1075 4181 1139 4243 499).
1164 4181 1255 4229 Littera
1275 4185 1355 4229 autem
1377 4181 1397 4228 G

227 4254 353 4299 accentum
369 4251 517 4312 praecedens
529 4253 594 4300 cadit
607 4251 672 4314 apud
686 4252 818 4313 Hispanos,
834 4253 865 4302 cl.
879 4252 1166 4316 Meyer-Luebke‚trad.,
1182 4256 1202 4301 l.
1217 4251 1235 4312 Ι,
1247 4267 1288 4314 ρρ.
1300 4250 1346 4301 398
1357 4266 1395 4314 sq.

261 4337 296 4399 (3)
311 4337 417 4386 Verbum
434 4341 543 4388 lue'laco
558 4338 623 4402 apud
647 4340 768 4401 Hispanos
789 4341 908 4402 geminam
930 4341 1029 4389 sormam
1049 4341 1123 4390 habet
1146 4340 1238 4389 llllano
1262 4354 1323 4403 quae
1344 4341 1396 4389 sola

219 4409 349 4471 reperitur
364 4410 429 4472 apud
444 4410 582 4461 Lusitanos.
598 4412 717 4473 Koerting
732 4417 770 4471 (n0
784 4411 855 4474 8453)
865 4413 921 4473 jure
936 4412 1030 4461 dubitat
1045 4412 1160 4461 atululo
1173 4415 1251 4459 ortum
1266 4425 1321 4461 esse
1337 4414 1395 4460 lue-

230 4483 302 4529 luno.
318 4480 367 4529 Nos
382 4496 440 4530 vero
452 4485 592 4545 putamus*
608 4484 763 4545 lupelenum
784 4482 883 4531 dedisse
905 4485 1026 4534 luetone.
1046 4484 1081 4534 De
1096 4484 1177 4533 littera
1195 4482 1291 4546 unae
1307 4482 1396 4532 cecidit

230 4551 264 4600 cl.
287 4550 370 4603 adnot.
386 4553 503 4616 praeced.
520 4553 569 4604 Sed
584 4558 699 4603 accentus
713 4566 727 4604 e
743 4555 796 4604 loeo
811 4567 855 4602 suo
870 4554 990 4617 migravit.
