3256 5460
510 589 552 633 DE
573 587 785 634 EDITIONIBUS
807 587 847 631 ET
869 586 911 630 DE
932 585 1109 630 GODICIBUS.
1357 567 1391 628 [11

269 786 282 818 <t
301 754 390 826 5353.
406 737 446 807 '..
460 796 499 807 -
519 767 555 824 F.
578 763 594 822 l
613 777 635 823 a
654 763 703 823 111.
724 760 851 822 :Cicero
870 759 910 821 de
929 755 1214 838 proprietatijtbus
1235 755 1395 818 termino-

228 879 312 924 rum.
329 866 364 922 F.
381 864 435 923 26
449 862 589 938 (661616.
607 865 634 922 ,1
656 858 685 937 ‘lt
704 878 710 919 :
728 860 840 921 Cicero
855 856 895 918 de
906 853 1142 936 -pprietatibus
1155 855 1340 936 terminon.
1355 855 1397 915 Et

228 962 333 1041 primo
355 958 575 1039 diffeisrentia.
603 963 643 1019 Ia
661 961 728 1032 1166
747 976 759 1018 ;
779 954 876 1017 Liber
894 955 934 1017 de
955 951 1213 1034 proprietatibus
1239 953 1397 1014 termino·
1506 1000 1510 1008 .

227 1075 303 1119 rum
315 1056 338 1136 11
354 1057 521 1119 Ciceronis
537 1054 612 1117 finit
623 1054 772 1118 feliciter.
787 1051 984 1133 impressum
995 1051 1016 1131 11
1028 1054 1179 1128 Auguste
1191 1068 1249 1130 per
1263 1051 1395 1112 Antho-

228 1157 323 1219 nium
344 1157 436 1232 serg.
454 1154 577 1235 1161166
592 1153 707 1230 salutis
727 1151 898 1215 Millelimo
914 1148 1262 1231 quadringentejsllmo
1277 1150 1397 1210 octua-

227 1255 353 1331 gesimo
368 1256 500 1316 octauo.
520 1257 547 1314 1.
564 1269 597 1330 p.
613 1257 662 1314 616.
681 1268 708 1314 6.
720 1251 746 1332 s.
766 1255 802 1313 30
819 1256 839 1311 1.
859 1254 895 1312 35
911 1252 948 1325 ff.
966 1273 982 1304 »

267 1355 420 1424 Quocum
439 1352 539 1431 plane
557 1351 726 1413 consentit
744 1348 928 1422 Fabricius,
942 1346 994 1409 bis
1013 1348 1049 1408 in
1065 1348 1186 1425 pagina
1207 1363 1308 1425 supra
1326 1344 1397 1406 lau-

228 1450 302 1513 data
311 1449 360 1531 (1)
373 1451 539 1513 disserens
550 1449 589 1512 de
604 1450 667 1511 hac
682 1448 825 1511 editione
840 1464 942 1526 quam
958 1469 973 1500 «
990 1445 1030 1507 ad
1040 1462 1162 1507 manus
1172 1442 1316 1506 habebat
1333 1465 1346 1498 1
1363 1447 1396 1505 61

229 1567 324 1630 quae,
342 1553 425 1612 teste
441 1550 510 1625 illo,
528 1567 548 1610 a
571 1549 728 1610 lemmate
751 1549 866 1609 nostro
882 1551 915 1608 l⁰
930 1545 1059 1625 incipit.
1077 1545 1165 1606 siout
1183 1546 1217 1606 et
1235 1543 1396 1605 editiones

227 1648 329 1729 hujus
344 1629 885 1728 6666666166116111116616666
903 1661 983 1707 oum
997 1646 1059 1705 Xla
1075 1646 1146 1704 tum
1167 1644 1259 1704 llllla
1278 1659 1298 1702 a
1317 1640 1397 1703 lem-

225 1750 313 1809 mate
326 1750 440 1809 666116
456 1751 517 1821 52⁰,
533 1748 572 1808 ut
586 1745 799 1822 Hagenianac
813 1743 1026 1806 Differentiae
1041 1739 1241 1821 incipiunt)(
1265 1741 1299 1818 ).

265 1920 301 1984 2.
320 1955 356 1966 —
372 1924 420 1982 De
434 1921 738 1993 certandumque
758 1922 886 1980 Romae
902 1932 934 1978 6.
955 1915 1040 1979 1187
1056 1917 1088 1978 61
1104 1931 1137 1976 6.
1159 1913 1397 1976 1190666661

226 2022 424 2081 Eucherius
437 2020 556 2081 Sttber.
574 2051 610 2059 -
624 2018 762 2077 Inverso
779 2015 880 2091 igitur
895 2018 1084 2093 temporum
1100 2010 1214 2094 ordine
1229 2010 1346 2072 leviter
1364 2013 1397 2072 et

226 2134 265 2179 ea
274 2116 314 2178 de
328 2133 432 2178 causa
442 2132 544 2194 quam
556 2115 653 2176 modo
665 2114 895 2193 exposuimus
908 2113 981 2175 Xaffl
992 2113 1207 2174 nominamus
1218 2109 1396 2172 editionem

227 2231 330 2294 quam
344 2212 487 2275 Heinius
497 2213 543 2292 (3)
558 2213 606 2275 sio
621 2211 777 2275 describit
795 2230 801 2272 :

267 2332 283 2371 r<
300 2315 389 2375 5354.
408 2312 512 2373 —De
534 2309 745 2372 verborum
766 2310 881 2390 copia
901 2310 943 2387 (i.
969 2328 1002 2370 e.
1030 2306 1277 2390 synonyma)
1296 2307 1334 2367 et
1352 2304 1396 2367 de

226 2409 427 2486 elegantia
441 2407 549 2471 Libri
564 2411 611 2471 II.
630 2414 734 2472 Peior
744 2409 861 2482 incipit
871 2428 883 2470 .·
898 2408 1009 2474 Cicero
1023 2406 1162 2468 Veturio
1174 2403 1232 2467 luo
1243 2402 1393 2466 salutem.

228 2508 352 2585 collegi
366 2525 404 2570 ea
416 2506 528 2582 verba,
545 2525 632 2587 quae
646 2506 799 2587 pluribus
818 2506 926 2569 modis
940 2506 1139 2578 dicerentur,
1156 2505 1216 2567 etc.
1236 2506 1332 2565 Alter
1346 2505 1396 2566 est

228 2609 347 2668 Barth.
371 2609 667 2682 11611161ιᾴ6666.
693 2611 737 2668 ao
760 2609 835 2668 lot.
859 2609 1024 2668 16661666
1045 2607 1203 2679 praeced.
1229 2607 1271 2662 Ic
1295 2605 1363 2676 fine
1383 2620 1396 2664 .·

229 2702 425 2784 Impreilum
440 2706 543 2779 Rome
561 2722 619 2784 per
638 2702 877 2767 Honorabilem
898 2704 1011 2765 uirum
1035 2702 1168 2777 Magi-
1175 2698 1198 2780 11
1207 2698 1312 2762 strum
1332 2701 1397 2760 Eu-

229 2803 381 2865 cherium
392 2801 499 2866 Silber
509 2821 515 2863 ε
527 2802 609 2865 alias
617 2801 1010 2864 Franck.AnnoDomini
1019 2799 1041 2879 fs
1050 2797 1393 2863 ll.CCCC.LXXXVii.

229 2902 352 2973 Quinto
378 2902 457 2965 Idus
485 2901 669 2978 16111866.
696 2899 877 2980 :Epistola
902 2899 996 2961 Pauli
1022 2898 1131 2960 Alexii
1156 2897 1335 2978 Sulpitiani
1357 2896 1397 2959 ad

231 3002 364 3063 Pueros.
380 3001 527 3076 Repete.
545 3002 661 3062 16616.
678 3017 710 3060 r.
725 3004 774 3062 cb.
792 3000 836 3060 18
850 3002 896 3073 ff.
915 3020 929 3052 r>

268 3100 307 3161 In
324 3099 456 3176 Haini0,
468 3102 507 3160 ut
522 3097 662 3173 videtur,
673 3095 925 3159 transcribendo
941 3094 1082 3157 Orellius
1092 3111 1265 3174 perperam
1275 3091 1398 3156 substi-

230 3197 325 3258 tuit«
342 3201 449 3260 1188»
465 3214 525 3276 pro
542 3221 556 3254 «
574 3196 906 3258 ll.CCCC.LXXXVii
923 3215 950 3256 ».

269 3297 326 3357 Est
338 3295 396 3357 illa
409 3297 516 3374 prima
531 3295 715 3356 multarum
730 3293 915 3356 editionum
938 3309 1024 3371 quae
1044 3293 1130 3353 inter
1151 3291 1249 3352 illum
1268 3307 1396 3352 annum

230 3395 305 3454 1187
322 3396 354 3454 61
368 3391 471 3455 finem
486 3394 555 3454 XVi
572 3392 697 3454 saeculi
715 3408 860 3454 excusae
879 3393 960 3453 sunt
979 3389 1042 3453 sub
1061 3389 1177 3452 eodem
1198 3387 1295 3451 titulo
1310 3387 1397 3467 apud

230 3490 355 3553 Italos:
377 3490 559 3569 exquibus
577 3509 615 3552 ea
634 3488 875 3552 recentioribus
899 3490 982 3552 duas
1006 3491 1142 3563 Romae,
1168 3490 1269 3566 atque
1292 3504 1397 3549 unam

229 3590 376 3652 Venetiis
396 3591 584 3669 impressas
606 3589 748 3651 Heinius
770 3591 803 3651 61
824 3589 966 3650 01611166
988 3590 1187 3663 memorant,
1204 3603 1291 3666 quae
1310 3584 1397 3648 inira

228 3687 466 3751 describentur.
793 3756 795 3760 Α

270 3787 343 3862 Sed,
365 3790 443 3849 ante
464 3804 566 3866 quam
592 3786 632 3848 ad
660 3789 785 3849 ceteras
806 3785 988 3848 Orellianas
1015 3785 1196 3865 pergimus,
1212 3784 1268 3845 hic
1294 3783 1396 3845 inseri

226 3884 322 3966 jubet
347 3888 534 3965 temporum
563 3886 645 3947 ratio
672 3885 811 3946 alteram
834 3884 982 3964 ejusdem
1016 3884 1172 3946 Eucherii
1197 3881 1305 3945 Silber
1328 3881 1397 3944 edi-

231 3986 355 4047 tionem
379 4001 465 4063 6666
491 3986 685 4064 peccantem
711 3999 785 4046 raro
815 3982 998 4065 doctissimi
1023 3983 1087 4043 viri
1108 3981 1220 4044 Orellii
1241 3984 1274 4043 61
1292 3981 1398 4061 ipsius

260 4247 294 4309 (1)
309 4245 346 4296 cr.
363 4260 447 4310 supra,
461 4248 478 4310 s
494 4246 512 4307 l,
526 4246 550 4295 6.

262 4347 296 4406 12)
311 4345 348 4394 De
363 4345 431 4394 initio
446 4345 616 4394 nonnullarum
632 4346 767 4394 editionum
781 4345 882 4393 brevius
899 4343 930 4393 ab
946 4341 1036 4392 Orellio
1051 4347 1075 4391 61
1089 4357 1103 4392 a
1118 4343 1206 4392 ceteris
1222 4342 1398 4406 descriptarum

231 4416 291 4466 nihil
306 4417 367 4466 certi
385 4417 460 4466 nobis
475 4422 625 4479 compertum
638 4423 686 4467 est.

262 4515 296 4578 (3)
311 4514 416 4564 01611166
426 4516 489 4563 anim
501 4516 599 4564 brevius
609 4515 725 4564 describit
735 4515 855 4565 editiones
868 4519 964 4564 6661166
979 4514 1046 4576 Xam,
1062 4514 1147 4577 1111111,
1164 4514 1252 4563 xlllrm
1261 4518 1285 4564 et
1296 4514 1395 4563 11111111.

232 4613 262 4627 -
274 4587 341 4637 xlm
357 4601 415 4637 vero
429 4587 517 4637 omittit
532 4590 558 4636 ut
572 4587 624 4651 ipsa
639 4587 749 4639 Heinius.
1290 4609 1295 4620 ·
