3256 5460
665 631 708 676 nn
729 628 948 675 rasrurouns.
1126 638 1133 644 ·
1360 611 1397 671 i'l

198 835 201 839 <
225 809 275 866 rat
302 805 494 866 testimonia
522 805 577 865 LX
599 804 730 866 circiter
758 819 844 881 qnae
871 800 1030 882 praebent
1050 803 1134 863 rarii
1147 801 1355 878 grammatici
1377 818 1397 862 a

225 913 334 974 Keilio
348 913 426 973 edili
440 914 475 973 in
493 912 591 972 tomis
605 912 692 973 l-Vl.
704 910 805 971 Dives
819 925 937 988 parum
952 913 1002 970 est
1012 913 1195 988 proventus
1205 925 1306 989 quem
1322 924 1400 987 sup-

225 1008 373 1089 pchtant
396 1028 454 1071 sex
478 1009 535 1071 llla
555 1008 739 1070 volmuina.
767 1008 952 1086 Perpaucas
973 1008 1075 1080 enim,
1098 1023 1294 1086 quanquam
1319 1006 1399 1067 satis

224 1110 357 1170 curiose
367 1106 632 1190 inquirebamus,
652 1105 864 1168 Differentias
879 1105 1084 1185 repperimus
1099 1121 1297 1166 communes
1310 1102 1397 1165 libro

226 1210 341 1269 nostro
371 1211 404 1268 et
432 1207 627 1268 Prisciano:
658 1205 771 1284 itaque
793 1203 987 1264 Keilianum
1010 1203 1170 1265 volumen
1200 1204 1336 1265 tertium
1357 1219 1400 1264 ne

225 1306 328 1369 semel
344 1304 479 1385 quidem
494 1303 682 1378 laudamus,
698 1304 731 1363 et
745 1301 932 1365 secundum
947 1302 1128 1381 quinquies
1142 1304 1273 1364 tantum
1291 1301 1400 1362 nomi-

226 1421 358 1467 namus.
385 1405 469 1465 Item
493 1405 527 1465 in
543 1405 639 1465 sexto
660 1401 834 1463 volumine
856 1398 923 1462 duo
939 1416 1007 1462 non
1024 1401 1169 1480 amplius
1189 1400 1346 1462 lemmata
1359 1397 1400 1461 ad

225 1519 296 1564 rem
311 1503 461 1564 nostram
488 1501 679 1580 pertinent:
708 1497 798 1578 quod
827 1496 924 1560 facile
937 1497 1171 1578 explicabitur,
1188 1499 1215 1560 si
1240 1498 1401 1559 memine-

226 1601 271 1662 ris
282 1617 360 1663 eum
374 1599 475 1660 Keilii
490 1603 621 1660 tomum
635 1596 792 1673 colligere
806 1597 984 1676 scriptores
999 1601 1052 1658 rei
1066 1599 1243 1658 metricae.
1260 1596 1397 1669 Verum,

226 1699 433 1779 repperimus
454 1698 489 1757 in
504 1696 678 1758 volumine
712 1695 819 1773 primo
844 1694 952 1755 XXIV
967 1697 1000 1755 et
1025 1695 1061 1755 in
1079 1697 1199 1773 quarto
1214 1693 1286 1753 XIV
1315 1692 1397 1752 etin

226 1797 346 1875 quinto
361 1795 440 1856 VIII
464 1794 655 1856 testimonia
678 1791 881 1854 Differentiis
904 1793 1026 1853 nostris
1050 1790 1217 1871 parallela.
1249 1790 1398 1860 Quorum

226 1895 336 1956 varios
348 1893 527 1956 admodum
541 1896 695 1954 auctores
710 1892 883 1953 nominare
891 1891 927 1952 in
942 1891 1102 1952 columna
1116 1891 1149 1951 2⁸
1160 1892 1274 1951 nostra
1286 1905 1399 1968 super-

227 1993 387 2068 sedimus,
416 2009 458 2053 ne
477 1992 616 2053 nimiam
638 1991 673 2052 in
698 1989 909 2052 latitudinem
929 1989 1163 2051 extenderetur
1191 1986 1306 2050 tabula
1319 1987 1395 2048 XVI

226 2092 395 2155 columnis
410 2091 584 2152 instructa.

266 2191 310 2252 Ut
323 2205 402 2251 vero
417 2189 589 2268 potuimus
615 2188 856 2250 Grammaticos
873 2189 1040 2248 tomorum
1064 2186 1142 2247 lavi
1162 2184 1335 2247 Keilianos
1365 2184 1399 2243 in

226 2305 296 2349 una
320 2288 508 2366 constipare
531 2286 702 2361 columna,
725 2286 772 2347 ita
794 2283 971 2347 debuimus
996 2284 1195 2345 testimoniis
1216 2282 1400 2344 voluminis

226 2385 352 2468 Vlli(l)
380 2386 532 2466 quinque
559 2383 740 2446 concedere
763 2384 951 2458 columnas,
981 2400 1023 2444 ex
1058 2381 1182 2462 quibus
1206 2381 1291 2442 duae
1319 2384 1401 2442 sunt

231 2485 380 2546 numeris
394 2483 527 2544 ditiores
542 2499 642 2560 quam
658 2487 690 2543 2³
705 2483 865 2543 columna
880 2484 1003 2543 nostra.

268 2582 310 2645 3a
335 2583 425 2643 enim
440 2580 600 2642 columna
616 2597 702 2660 quae
726 2579 921 2642 inscribitur
949 2600 964 2640 ι
989 2595 1059 2641 cnr.
1077 2579 1107 2656 lx
1124 2579 1184 2658 7))
1213 2580 1397 2651 enumerat,

227 2683 355 2760 praeter
367 2680 474 2740 XXXI
490 2680 680 2741 testimonia
705 2679 812 2758 Capri,
836 2677 896 2739 XV
919 2677 1076 2739 lemmata
1097 2677 1267 2737 variorum
1288 2674 1400 2736 admo-

225 2777 307 2840 dum
321 2780 509 2851 auctorum,
527 2793 612 2856 quos
636 2777 836 2838 nominatim
862 2776 1013 2853 singulos
1036 2774 1178 2850 allegare
1192 2791 1230 2835 ea
1244 2773 1284 2835 de
1298 2790 1400 2835 causa

226 2874 479 2954 supersedemus
494 2892 596 2955 quam
612 2875 709 2937 modo
719 2875 948 2955 exposuimus
961 2873 1000 2934 de
1010 2872 1218 2953 praecedenti
1230 2872 1400 2934 columma

225 2972 434 3034 disserentes.
454 2971 516 3034 Sed
533 2989 601 3051 quo
617 2970 750 3035 facilius
764 2971 980 3049 dignoscatur
994 2972 1130 3050 Capera
1144 2970 1273 3044 ceteris,
1291 2968 1398 3030 inclu-

226 3071 336 3132 dimus
350 3071 437 3131 iuter
451 3071 664 3150 parentheses
691 3071 879 3133 testimonia
899 3070 1069 3132 variorum
1092 3069 1397 3144 grammaticorum.

227 3171 311 3231 Item
326 3168 419 3247 Capri
434 3167 592 3230 lemmata
608 3166 716 3230 sicubi
731 3169 898 3248 pertinent
912 3167 952 3229 ad
962 3164 1086 3228 librum
1098 3171 1138 3228 de
1162 3169 1277 3227 Verbis
1290 3169 1400 3227 dubiis

227 3268 385 3328 asterisco
409 3268 566 3328 notamus
594 3268 677 3341 (rara
703 3267 794 3328 enim
816 3267 917 3346 sunt),
943 3265 1072 3343 reliqua
1086 3265 1193 3325 XXVI
1208 3263 1399 3326 testimonia

228 3363 363 3444 praebet
378 3368 628 3441 Orthooraplrto
643 3366 747 3444 Capri.

268 3464 311 3526 4⁸
325 3468 438 3526 autem
452 3464 622 3526 columma
637 3471 661 3527 A
667 3469 797 3541 proectt
822 3465 878 3526 LX
893 3465 1051 3526 lemmata
1076 3465 1251 3524 enumerat
1277 3462 1400 3523 nostris

229 3563 401 3643 parallela.

268 3661 310 3724 5⁰
325 3663 493 3725 columma
519 3667 627 3725 Bedoe
648 3665 854 3724 Venerabilis
879 3662 1012 3723 LXXVI
1036 3660 1246 3723 Differentias
1261 3658 1397 3733 colligit.

268 3758 311 3820 6α
326 3764 438 3823 Albini
454 3763 613 3837 Manistrt
632 3760 658 3821 L
678 3759 835 3821 lemmata
844 3753 990 3838 praebet,
1002 3761 1061 3840 qui
1071 3759 1269 3839 plerumque
1279 3756 1400 3819 Bedam

230 3859 408 3920 comitatur
422 3860 456 3921 in
473 3858 587 3921 tabula
601 3862 724 3922 nostra.
1125 3848 1133 3864 ⁴

270 3957 313 4018 7ει
328 3960 633 4032 Pseudosrontnnts
647 3959 768 4019 XLVII
782 3957 994 4019 Differenties
1009 3959 1194 4019 enumerat.

272 4053 334 4116 Sed
347 4055 511 4117 hactenus
526 4054 565 4118 de
579 4055 778 4117 collectione
799 4056 953 4117 Keiliana
969 4075 976 4117 ε
994 4072 1140 4135 namque
1163 4054 1203 4116 de
1228 4054 1401 4116 volumine

232 4151 425 4228 Ilageniano
441 4153 528 4232 quod
542 4151 722 4234 diciturffl)
747 4173 762 4214 r
784 4153 883 4214 Keilii
904 4153 1182 4233 Supplementum
1200 4177 1211 4208 ι
1230 4169 1309 4214 mox
1324 4169 1400 4227 age-

232 4267 320 4324 mus,
336 4250 533 4313 disserentes
548 4250 587 4313 de
601 4252 761 4314 columna
777 4255 839 4314 11³.

184 4502 193 4520 ‘
261 4485 296 4549 (ll
311 4484 380 4543 Quod
396 4484 527 4548 Hngenins,
538 4499 594 4547 prae
607 4489 741 4548 temporum
757 4485 850 4532 ratione
866 4483 996 4547 ignoravit,
1012 4490 1037 4533 ut
1053 4484 1181 4534 docuimus
1202 4500 1227 4548 p.
1244 4485 1274 4535 72
1291 4484 1350 4535 adn.
1368 4485 1394 4535 1.

264 4583 298 4645 (2)
316 4583 455 4645 Perpetem,
470 4587 495 4631 ut
507 4583 613 4631 diximus
627 4598 653 4646 p.
672 4584 703 4632 72
717 4583 773 4633 adn.
791 4585 814 4636 l.
