3256 5460
230 533 269 608 ti
394 562 435 606 nn
459 563 555 608 61666
579 562 621 606 66
636 563 842 608 rnornrnrrrn
856 563 1021 608 snnnouurr
1042 564 1118 610 rsus
1140 565 1175 609 ur

229 734 312 796 duas
329 733 466 796 ultimas
487 753 501 793 <‹
520 736 812 797 Ciceronianarum
827 738 886 797 aut
901 736 1171 797 Victurianarum
1188 754 1203 793 r
1220 734 1405 797 editionum

227 834 281 895 hic
298 833 501 894 ordinemus.
520 836 667 904 Quarum
683 835 771 914 prior
786 852 871 914 quae
892 833 1123 896 numerabitur

266 931 424 994 xv111³
453 935 653 1010 conspectus
677 934 793 1006 nostri,
817 933 903 994 edita
917 933 1065 994 Venetiis
1086 950 1176 995 anuo
1200 937 1289 1007 1661,
1305 949 1404 1012 prae-

228 1027 328 1091 bebat
342 1047 420 1091 cum
436 1035 628 1105 synonyma
644 1034 716 1092 tum
732 1033 959 1105 Differenttns
973 1030 1126 1100 Victurii,
1145 1033 1217 1092 sine
1237 1033 1404 1110 opusculo

155 1157 158 1162 ·
226 1131 323 1206 blatii,
357 1132 440 1190 teste
470 1129 611 1191 Arevalo
633 1129 732 1208 cujus
754 1129 852 1190 modo
878 1128 978 1191 verba
1006 1129 1228 1203 laudavimus,
1255 1147 1334 1190 eum
1363 1130 1404 1191 de

225 1225 369 1287 editione
384 1225 645 1305 quintadecima
661 1229 774 1287 nostra
784 1243 967 1301 ageremus.
1298 1217 1301 1224 ’

265 1323 514 1386 Nicolinianam
529 1341 607 1384 vero
622 1323 812 1400 editionem,
840 1324 973 1387 XIXam
991 1326 1150 1400 nostram,
1176 1324 1222 1386 ita
1244 1323 1402 1386 describit

225 1423 411 1484 Arevalus:

265 1539 281 1578 «
304 1519 725 1599 166616661111),1166166
748 1521 812 1582 hoc
835 1520 957 1582 titulo:
980 1539 995 1581 6
1019 1523 1218 1601 Synonyma
1233 1521 1403 1583 Ciceronis

224 1618 366 1679 Victurii
388 1617 530 1678 rhetoris
551 1616 759 1679 disertissimi
782 1635 861 1679 cum
884 1619 1043 1698 Stephani
1069 1619 1168 1680 Flisci
1192 1619 1403 1700 Synonymis

224 1720 442 1791 ejusdemque
477 1715 649 1778 Ciceronis
685 1719 826 1778 Victorii
862 1717 1010 1796 itemque
1041 1716 1286 1779 Bartholomaei
1318 1719 1402 1780 Fatii

224 1816 451 1889 Disserentits.
471 1814 641 1892 Opuscula
655 1831 766 1886 aurea,
790 1833 882 1877 nunc
897 1833 1013 1876 recens
1028 1817 1208 1890 recognita,
1226 1816 1400 1890 castigata,

225 1916 325 1975 66616
348 1916 410 1974 etc.
433 1913 582 1973 Venetiis
606 1912 694 1991 apud
714 1914 929 1974 Dominicum
953 1914 1143 1976 Nicolinum
1169 1917 1258 1987 1661,
1284 1914 1367 1974 16-8.
1385 1935 1401 1973 a

229 2010 411 2087 Prologus:
431 2029 446 2070 «
464 2010 576 2072 Cicero
591 2011 763 2072 Victurius
776 2011 892 2072 lectori
907 2012 1050 2073 salutem
1066 2032 1072 2073 :
1091 2012 1213 2088 Collegi
1227 2029 1266 2073 ea
1287 2011 1401 2086 verba,

230 2127 316 2189 qnae
339 2108 493 2190 pluribus
518 2108 625 2170 modis
652 2109 851 2183 dicerentur,
878 2114 942 2171 ete.
972 2111 1077 2186 Igitur
1103 2128 1160 2190 per
1185 2109 1402 2189 alphabetum

230 2208 366 2269 initium
385 2209 567 2287 capiamus.
585 2206 754 2280 Abditum,
772 2212 935 2287 oportum,
952 2207 1146 2281 obscurum,
1163 2207 1403 2270 obumbratum

231 2309 294 2368 etc.
313 2330 327 2361 r
345 2307 456 2368 Finit:
477 2330 491 2361 «
508 2305 646 2366 Videtur
660 2309 795 2385 apparet
809 2307 900 2369 lucet
914 2310 1033 2368 exstat.
1053 2330 1066 2362 r
1083 2310 1251 2382 Sequitur,
1268 2312 1308 2368 de
1323 2311 1401 2380 Dis-

231 2407 390 2480 serentiis
411 2409 584 2467 Ciceronis
599 2410 635 2467 in
653 2409 755 2467 rebus
774 2409 883 2468 dubiis
902 2425 914 2468 :
935 2426 950 2465 6
968 2408 1062 2468 Inter
1080 2409 1218 2476 nietnrn,
1243 2408 1403 2467 tiniorenr

232 2505 264 2566 et
272 2519 440 2579 ponerent
461 2505 611 2577 interest,
628 2508 715 2578 qnod
728 2505 839 2566 metus
851 2506 975 2578 fntnrn
985 2507 1163 2580 prospicit,
1174 2506 1278 2566 tirnor
1289 2505 1403 2566 snbitn

231 2603 355 2662 rnentts
376 2603 651 2663 consternatio.»
677 2600 781 2662 Panto
803 2602 880 2675 post
899 2621 911 2663 .·
935 2605 1176 2664 «Pollicennrr
1189 2603 1291 2671 nitro,
1315 2617 1400 2676 pro-

230 2702 397 2762 nrittinrns
414 2701 539 2774 ropnti.
558 2719 574 2759 6
599 2702 755 2761 Desinit:
776 2721 789 2754 «
808 2703 976 2774 Nefarins
990 2703 1193 2776 nitennitnr
1211 2716 1232 2761 a
1247 2701 1401 2775 proeter-

230 2800 296 2874 itis,
321 2802 494 2872 nefonctns
515 2802 572 2872 qni
590 2801 626 2859 in
645 2813 749 2874 opere
767 2799 835 2870 snit
851 2802 1072 2873 principiani.
1096 2817 1110 2856 6
1133 2833 1169 2841 -
1191 2796 1398 2876 Opusculum

229 2897 312 2957 Fatii
328 2896 456 2974 incipit,
473 2898 568 2957 Inter
586 2899 749 2971 innovant
775 2898 806 2956 et
822 2900 975 2971 pigrinn,
1000 2897 1198 2975 synonyma
1221 2894 1321 2956 Flisci
1336 2911 1401 2973 ,per

229 2994 363 3067 classes
381 2997 573 3057 Prrrolrntin
587 2997 648 3056 etc.
666 2995 796 3056 Fliscus
811 3010 901 3055 anno
920 2997 996 3056 1166
1018 2994 1165 3055 Venetiis
1188 2990 1363 3055 scrihebat.
1383 3011 1398 3052 r

267 3093 307 3153 In
329 3093 393 3155 hoc
412 3093 532 3155 ultimo
551 3077 782 3171 descriptionis
803 3107 902 3152 versu
922 3092 1074 3166 Migneus
1089 3093 1167 3151 ante
1184 3113 1200 3145 «
1221 3091 1366 3151 Venetiis
1384 3113 1396 3143 »

227 3188 303 3251 fixit
317 3194 483 3270 punctum
499 3190 587 3271 quod
602 3194 678 3269 post
694 3210 709 3251 ι
725 3193 894 3252 scribebat
910 3209 926 3249 r
940 3206 1063 3269 ponere
1077 3187 1227 3250 debebat.
1241 3187 1400 3248 Mendum

228 3291 261 3349 et
275 3289 339 3350 hoc
354 3293 387 3350 61
401 3289 484 3350 11166
499 3288 588 3369 quod
598 3286 733 3369 mox(2)
745 3290 949 3365 corrigemus
961 3287 1185 3358 considerans,
1201 3289 1323 3348 temere
1337 3303 1397 3347 su-

229 3388 347 3465 spicari
373 3389 481 3466 possis
505 3389 675 3464 Migneum
698 3404 869 3466 perperam
893 3387 1065 3466 scripsisse
1096 3410 1107 3441 ι
1139 3387 1282 3448 Venetiis
1308 3389 1399 3459 annet

228 3488 444 3547 Durninicnni
471 3489 667 3551 Nicolinum
693 3486 777 3546 1561
798 3507 811 3539 »
833 3488 866 3546 et
888 3489 963 3546 1161
984 3500 1057 3545 6666
1076 3483 1253 3559 legendum
1269 3500 1275 3541 :
1291 3482 1398 3542 mani-

228 3581 352 3644 festum
367 3584 457 3644 enim
470 3587 520 3645 est
531 3583 712 3645 Arevalum
723 3582 834 3662 (quem
849 3584 1000 3659 Migneus
1016 3579 1217 3660 transcribit)
1232 3581 1266 3641 in
1277 3581 1398 3659 pagina

228 3681 291 3741 hac
307 3682 389 3743 etin
405 3679 623 3760 sequentibus
634 3681 781 3742 ordinem
799 3699 929 3743 servare
940 3670 1146 3760 temporum;
1162 3681 1275 3757 itaque
1290 3680 1397 3758 possis

229 3780 289 3843 tibi
304 3780 500 3860 persuadere
514 3780 694 3842 Arevalum
708 3780 887 3842 editionem
899 3797 989 3841 6666
1001 3781 1077 3842 1161
1087 3779 1168 3857 (non
1181 3778 1272 3857 1661)
1287 3777 1397 3856 publi-

227 3882 336 3941 catam
363 3880 600 3941 memoravisse
627 3882 705 3940 ante
729 3883 854 3942 ceteras
874 3896 957 3959 quas
981 3881 1154 3940 enumerat
1178 3878 1275 3941 66616
1305 3880 1394 3952 llil,

257 4094 391 4155 (111166,
413 4098 432 4141 1.
457 4093 475 4152 1,
499 4107 521 4154 p.
543 4093 687 4155 1581111116,
711 4097 728 4142 t.
754 4093 866 4148 LXXXI,
890 4093 937 4141 coi.
963 4092 1010 4142 359
1032 4094 1075 4155 6.).
1094 4119 1124 4127 -
1143 4093 1191 4141 Nos
1206 4091 1393 4154 descriptionem

226 4164 288 4212 hanc
307 4165 440 4226 longiorem
457 4165 647 4213 transcribentes
663 4165 723 4212 nihil
734 4166 880 4213 mutabimus
898 4170 993 4227 praeter
1010 4163 1211 4227 typographicam
1226 4164 1339 4211 mendum
1353 4165 1394 4223 (de

226 4250 273 4298 qno
289 4240 381 4284 textum
402 4240 511 4284 nostrum
531 4236 605 4294 vide),
620 4241 645 4284 et
665 4236 829 4284 characterem
853 4238 961 4284 locorum
980 4236 1010 4284 nd
1034 4235 1394 4297 61666666666661666666ῑί-

227 4308 336 4354 nentium
353 4322 359 4355 :
375 4321 436 4369 quos
452 4307 573 4355 inclinatis
588 4307 675 4355 litteris
690 4308 833 4370 conspicuos
849 4307 973 4358 iaciemus.

260 4403 294 4466 (2)
312 4403 440 4465 Perperam
456 4424 468 4447 «
485 4403 546 4454 1680
562 4422 574 4447 n
588 4417 633 4466 pro
648 4423 660 4448 n
678 4404 738 4452 1580
754 4423 765 4447 n
779 4404 892 4468 Mignens
903 4404 1028 4466 impressit
1043 4403 1067 4450 in
1081 4404 1134 4466 ipso
1145 4402 1308 4451 describendo
1322 4403 1393 4451 titulo

228 4471 343 4523 editionis
354 4474 485 4542 principis
500 4495 511 4519 «
528 4475 639 4538 corporis
653 4475 780 4524 isidoriani
797 4488 828 4537 n;
844 4474 875 4523 de
890 4478 938 4538 qua
949 4475 983 4537 (in
994 4479 1125 4536 conspectu
1138 4477 1222 4522 nostro
1232 4474 1290 4521 xx·
1301 4477 1392 4537 notata)

226 4545 317 4604 statim,
333 4543 463 4607 posthanc
477 4545 660 4607 Numisianam,
674 4560 784 4608 agemus,
1383 4556 1386 4565 ·
