3256 5460
675 601 718 648 na
737 601 953 648 rnsrruomrs.
1360 582 1398 646 85

227 773 335 835 simus
354 772 390 834 in
408 770 685 834 annotationibus
701 771 830 852 junctis
850 773 965 833 nostro
985 769 1193 833 collectionis
1214 770 1400 834 Rothianae

227 869 355 951 Indici(
378 873 402 949 ).

261 968 425 1039 Ceterum,
435 985 633 1047 quanquam
643 968 838 1050 syllogeilla
847 967 1041 1049 compilavit
1049 968 1170 1047 partim
1179 967 1399 1048 archetypum

227 1068 287 1128 aut
300 1066 515 1145 apographon
533 1067 706 1148 archetypi
723 1067 918 1143 Hageniano
933 1068 966 1128 et
985 1064 1153 1128 Beckiano
1173 1068 1206 1127 et
1224 1065 1400 1128 Handiano

227 1162 423 1240 fragmentis
444 1166 646 1237 communis,
661 1165 819 1227 lemmata
836 1167 896 1227 aut
915 1164 1004 1226 addit
1017 1167 1076 1227 aut
1094 1165 1219 1226 omittit
1232 1164 1351 1240 multa,
1367 1168 1401 1227 et
1429 1156 1432 1161 ’

227 1263 402 1344 parallelas
419 1263 631 1327 Differentias
644 1263 765 1344 dispari
781 1265 919 1326 omnino
930 1263 1044 1326 ordine
1054 1263 1211 1343 dispergit
1222 1263 1272 1346 (2).

266 1361 334 1425 15⁸
349 1364 463 1423 autem
479 1362 638 1424 columna
654 1365 778 1436 nostra,
796 1363 851 1423 cui
867 1361 985 1423 titulus
1007 1361 1134 1423 inditus
1146 1363 1198 1423 est
1215 1385 1227 1416 ι
1245 1380 1280 1422 u.
1297 1377 1400 1424 uuor.

227 1478 297 1523 sru.
329 1478 345 1520 ›
377 1477 536 1523 numeros
565 1461 753 1540 suppeditat
785 1459 982 1523 lemmatum
1012 1461 1136 1522 nostris
1163 1459 1401 1540 parallelorum

226 1576 313 1638 qnae
335 1558 494 1635 leguntur
507 1559 543 1620 in
558 1558 757 1621 collectione
777 1576 797 1620 a
819 1556 943 1620 Beckio
965 1575 1056 1620 anno
1079 1561 1156 1620 1883
1179 1558 1277 1634 edita,
1302 1558 1401 1639 eujus

227 1656 375 1718 Indicem
387 1656 430 1736 (3)
452 1657 687 1719 instruximus.
705 1658 805 1729 Quae,
823 1656 921 1718 ditior
939 1654 1023 1718 libro
1038 1660 1078 1718 de
1093 1659 1312 1731 proprietate
1325 1673 1402 1720 ser-

226 1770 383 1826 monum,
413 1752 555 1816 utilibus
584 1755 783 1817 testimoniis
811 1754 988 1834 plerasque
1023 1753 1233 1817 Differentias
1269 1758 1401 1819 nostras

227 1853 417 1924 comitatur,
436 1869 545 1930 neque
564 1869 627 1914 nos
641 1852 761 1914 deserit
776 1869 818 1914 ne
832 1854 867 1913 in
883 1852 1006 1913 lacuna
1026 1851 1160 1931 quidem
1178 1849 1237 1912 ubi
1257 1851 1400 1915 Beckia-

227 1948 1398 2030 numfragmentum(t)etHageniusetHandiusetRothiusdeficiunt.

227 2048 358 2127 Optime
379 2049 481 2124 igitur
502 2049 641 2110 meritus
663 2051 714 2111 est
727 2048 767 2111 de
785 2049 839 2110 his
858 2048 976 2110 studiis
998 2066 1030 2108 v.
1051 2047 1082 2109 d.
1099 2047 1257 2123 Beckius,
1275 2050 1402 2111 Monte-

226 2145 448 2225 pessulanum
468 2145 567 2207 illum
589 2147 785 2208 thesaurum
804 2146 978 2222 evulgans
1004 2163 1071 2225 quo
1091 2146 1163 2208 sola
1181 2145 1259 2227 (nec
1278 2145 1402 2227 multo)

228 2242 362 2306 uberior
376 2246 427 2306 est
441 2243 594 2306 collectio
615 2245 798 2307 isidoriana
817 2245 916 2324 cujus
937 2245 1074 2306 initium
1095 2247 1145 2307 est
1166 2248 1262 2308 luter
1283 2249 1403 2320 aprico

226 2345 257 2405 et
265 2341 559 2420 ultleltl.Multum
568 2360 645 2420 ergo
656 2342 923 2423 conl‘errepotest
932 2343 972 2405 ad
982 2343 1161 2406 editionem
1173 2347 1285 2406 textus
1296 2346 1374 2406 nost
1393 2345 1399 2357 '

228 2437 410 2518 parandam
424 2438 594 2503 Beckiana
615 2442 697 2503 haec
718 2440 904 2503 dissertatio
926 2439 1218 2503 observationibus
1235 2444 1269 2503 et
1284 2442 1354 2504 suis
1370 2444 1404 2503 et

227 2537 484 2601 Baehrensianis
520 2543 638 2602 ornata
661 2538 843 2602 rarioribus
872 2541 984 2601 tamen
1017 2542 1051 2600 et
1082 2539 1250 2602 interdum
1283 2557 1403 2620 parum

226 2635 338 2710 certis,
369 2639 408 2697 ut
431 2634 484 2712 fit,
510 2636 570 2699 ubi
594 2637 717 2702 dubius
745 2638 892 2701 maxime
921 2639 1050 2713 textus,
1080 2638 1204 2702 collato
1232 2657 1302 2701 uno
1332 2656 1400 2701 non

224 2733 371 2813 amplius
384 2735 506 2809 codice,
524 2740 727 2799 recensetur.

266 2831 439 2895 Rueckius
454 2834 556 2910 igitur
566 2835 732 2898 nonnulla
738 2834 809 2915 jam
826 2835 1001 2898 emendare
1019 2836 1054 2896 in
1074 2836 1215 2899 editione
1233 2835 1402 2899 Beckiana

227 2932 369 2993 conatus
384 2934 434 2992 est
450 2950 456 2992 :
475 2932 573 3012 cujus
588 2932 838 2998 observationes
858 2935 1050 2995 notavimus
1065 2932 1176 2993 littera
1194 2949 1215 2992 r
1230 2947 1343 3009 quam,
1366 2931 1401 2991 in

228 3026 343 3090 tabula
361 3032 587 3109 comparativa
609 3032 697 3093 sicut
718 3033 753 3093 in
778 3035 893 3095 nostro
909 3031 1118 3094 collectionis
1132 3029 1205 3110 ejus
1221 3029 1334 3092 Indice
1349 3028 1399 3108 (o),

227 3127 380 3206 sequitur
395 3144 556 3191 numerus
567 3131 707 3209 paginae
721 3131 858 3192 Arcliivi
872 3129 1125 3193 Woellssiniani.

266 3223 419 3286 Ceterum
433 3224 492 3287 ubi
507 3225 718 3289 Beckianum
740 3227 863 3291 lemma
882 3227 1055 3291 abeodem
1069 3225 1171 3289 verbo
1192 3243 1231 3288 ac
1248 3227 1401 3287 nostrum

225 3320 354 3401 incipit,
365 3323 524 3386 columna
539 3325 592 3387 15(ι
610 3324 745 3405 praebet
759 3327 858 3389 modo
870 3343 1049 3389 numerum
1064 3325 1206 3401 margini
1219 3323 1402 3402 ascriptum

226 3418 468 3484 dissertationis
483 3423 738 3499 Groningianae.
756 3425 882 3486 Verum
896 3425 976 3486 huic
998 3439 1138 3485 numero
1155 3422 1299 3484 litteram
1314 3420 1402 3500 capi-

227 3516 330 3578 talem
357 3519 682 3600 (Montepessulanae
711 3521 923 3584 Differentiae
952 3519 1129 3600 initialem)
1152 3519 1399 3600 praeponimus,

227 3613 286 3678 ubi
301 3613 343 3677 ab
364 3616 429 3679 alio
451 3616 552 3680 verbo
573 3619 692 3699 incipit
713 3620 832 3682 titulus
854 3620 1020 3681 lemmatis
1047 3622 1161 3682 nostro
1187 3617 1366 3698 parallelus
1391 3634 1398 3677 :

230 3715 269 3775 ut
283 3714 374 3775 enim
388 3714 509 3777 docent
522 3716 756 3795 prolegomena
770 3717 892 3780 Indicis
907 3720 939 3780 ΙΙ
954 3719 1070 3792 nostri,
1086 3734 1106 3779 a
1123 3715 1402 3793 singulis-litteris

229 3810 415 3875 initialibus
430 3813 597 3894 incipiunt
611 3815 763 3892 singulae
774 3816 874 3878 series
885 3832 1115 3890 numerorum,
1126 3815 1214 3893 apud
1226 3811 1399 3877 Beckium.

260 4058 295 4122 (1)
309 4059 371 4110 Vide
385 4061 448 4110 intra
463 4061 571 4126 prolegg.
588 4063 618 4112 ad
632 4061 737 4112 Indicem
753 4063 762 4111 l
776 4068 898 4113 nostrum.

257 4148 292 4212 (2)
306 4149 344 4201 Cl.
360 4165 445 4213 supra,
459 4151 475 4215 ξ
488 4151 508 4213 1,
523 4152 568 4200 sub
583 4162 612 4200 ιιο
626 4152 650 4202 6.

261 4239 295 4304 (3)
307 4241 368 4290 Vide
384 4240 446 4290 inira
463 4241 569 4291 Indicem
584 4242 605 4290 ll
619 4246 738 4294 nostrum.

260 4329 294 4394 (l)
313 4329 383 4388 Quod
400 4344 514 4379 vocamus
530 4351 541 4375 α
558 4331 587 4383 H.
604 4331 679 4381 Beck.
698 4349 712 4378 »
726 4337 750 4380 et
764 4333 795 4381 de
809 4347 858 4396 quo
872 4334 964 4396 egimus
978 4346 1052 4395 supra
1064 4331 1080 4396 g
1094 4330 1103 4378 l
1115 4331 1161 4380 sub
1176 4342 1203 4379 n·
1214 4330 1239 4380 5.

235 4418 348 4538 11(bllllile
363 4432 457 4467 summa
471 4418 606 4468 lemmatum
621 4421 646 4468 in
659 4424 760 4482 utraque
773 4421 914 4470 collectione
929 4421 961 4468 cl.
976 4420 1146 4482 prolegomena
1161 4422 1245 4467 nostra
1259 4418 1291 4468 ad
1306 4417 1402 4466 indicas

268 4495 291 4538 et
341 4527 347 4539 .

264 4578 297 4644 (6)
315 4580 351 4630 Dc
366 4580 505 4630 Rucckiano
521 4581 640 4644 opusculo
655 4582 685 4630 cl.
697 4581 868 4645 prolegomena
884 4583 977 4633 Indicis
988 4582 1008 4631 ll
1023 4582 1108 4634 nostri.
