3256 5460
671 599 714 646 66
735 599 949 647 6616666666.-
1121 609 1123 613 >
1361 581 1400 644 ’15

226 770 259 830 61
274 767 482 832 Beckianum
501 787 580 832 cum
594 770 653 833 illo
671 771 854 852 archetypo
868 770 968 851 plane
982 770 1176 846 congruunt
1201 767 1271 847 qui,
1288 783 1398 846 quan·

225 884 329 947 quam
338 868 434 930 initio
450 868 664 948 perturbatus
678 873 711 932 et
725 870 760 931 16
777 869 883 932 media
896 870 988 949 parte
1001 868 1197 941 lacunosuS,
1210 865 1315 928 codex
1330 868 1401 928 erat

227 969 341 1029 textus
356 967 474 1029 nostri.

268 1066 404 1128 Lacuna
417 1082 550 1142 magna,
570 1083 672 1145 quam
687 1066 722 1127 in
733 1066 914 1147 archetypo
927 1065 985 1127 illo
995 1065 1153 1127 lemmata
1164 1064 1273 1125 il-lll
1288 1064 1403 1124 nostra

227 1162 455 1244 absumpsisse
471 1162 630 1239 diximus,
646 1163 758 1226 eadem
778 1164 973 1240 agnoscitur
991 1163 1025 1224 16
1045 1161 1248 1224 Differentiis
1262 1159 1401 1240 pseudo-

228 1262 435 1324 suetonianis
453 1280 459 1322 :
477 1278 624 1341 namque
633 1262 755 1324 lemma
765 1263 825 1323 er
835 1258 1106 1339 Rothianumlll,
1121 1275 1317 1339 quanquam
1325 1276 1404 1320 cnm

232 1363 345 1439 nostro
370 1364 426 1422 loa
451 1358 595 1422 conferri
618 1362 739 1440 potest,
763 1362 874 1422 tamen
896 1360 1006 1421 alieno
1028 1357 1121 1420 fonte
1140 1374 1277 1420 manare
1296 1357 1403 1419 mani-

233 1458 358 1522 festum
373 1462 433 1521 661.

274 1557 358 1620 Cum
386 1559 498 1619 autem
526 1555 684 1618 lacunam
710 1555 802 1618 illam
825 1555 914 1636 apud
943 1555 1265 1618 Pseudosuetonium
1293 1554 1405 1634 ipsum

234 1656 368 1736 reperiri
395 1654 565 1730 docemuS,
596 1672 664 1717 non
692 1654 789 1717 nobis
817 1655 851 1716 in
881 1655 994 1717 animo
1021 1657 1073 1716 est
1096 1653 1172 1716 inde
1205 1652 1405 1715 concludere

234 1754 435 1816 Rothianam
450 1751 683 1815 collectionem
699 1753 782 1814 nihil
793 1751 884 1814 aliud
894 1769 996 1833 quam
1010 1754 1140 1814 textum
1151 1753 1304 1813 nostrum
1319 1767 1403 1812 con-

232 1853 347 1915 tinere.
364 1851 519 1931 Namque
541 1854 575 1913 61
598 1850 707 1913 611666
732 1851 840 1912 multa
864 1851 1022 1912 lemmata
1040 1852 1185 1931 praestat
1199 1849 1353 1923 RothiuS,
1370 1851 1404 1910 et

232 1968 318 2031 quae
340 1947 475 2029 praebet
495 1949 690 2011 communia
715 1949 941 2011 diversissimo
966 1948 1080 2011 ordine
1104 1946 1243 2026 disjecta
1268 1945 1405 2026 spargit·

231 2047 367 2120 Verum,
382 2050 421 2108 ul
440 2050 572 2109 constat
595 2047 920 2110 Pseudosuetonium
934 2064 952 2109 6
970 2045 1122 2108 fontibus
1137 2062 1272 2125 quoque
1286 2043 1404 2107 alienis

232 2145 376 2225 plurima
403 2147 567 2217 hausisse,
597 2147 644 2208 ita
672 2148 801 2207 certum
829 2147 880 2207 661
907 2145 998 2207 111166
1022 2144 1179 2206 lemmata
1204 2159 1284 2204 oum
1310 2144 1404 2205 textu

232 2247 347 2306 nostro
363 2235 558 2306 communia
571 2242 714 2323 pendere
728 2261 769 2305 ex
784 2243 966 2323 archetypo
981 2241 1096 2304 eodem
1105 2244 1206 2320 atque
1216 2239 1403 2315 Handiana,

234 2342 438 2419 Hageniana,
455 2340 625 2405 Beckiana
639 2341 679 2403 de
694 2340 818 2421 quibus
832 2341 930 2403 modo
945 2341 1174 2403 disseruimus

274 2441 406 2512 Contra,
420 2440 605 2503 notandum
620 2443 671 2503 661
684 2440 919 2517 grammaticos
934 2435 1106 2501 Keilianos
1121 2439 1313 2519 praesertim
1329 2455 1405 2518 sep-

235 2539 307 2601 timi
327 2540 511 2602 voluminis
528 2542 629 2619 atque
648 2539 814 2618 inprimis
831 2539 1030 2615 Agroecium
1045 2554 1191 2600 necnon
1209 2537 1351 2616 Caprum
1367 2554 1405 2599 ac

236 2636 558 2699 Pseudoirontonem
570 2640 604 2699 61
612 2635 845 2699 Venerabilem
855 2635 977 2699 Bedam
988 2652 1157 2714 nusquam
1167 2633 1299 2698 fidiores
1310 2634 1407 2698 nobis

235 2752 271 2797 se
285 2735 441 2816 praebere
456 2736 594 2798 comites
610 2752 712 2815 quam
726 2737 761 2797 in
778 2736 879 2810 longo
898 2735 957 2796 illo
976 2734 1118 2796 lacunae
1131 2749 1274 2809 magnae
1287 2733 1406 2812 spatio,

235 2833 294 2897 ubi
318 2852 380 2897 nos
406 2852 475 2897 una
498 2834 655 2897 deserunt
677 2838 711 2896 et
736 2833 887 2897 Handius
908 2836 941 2895 et
962 2832 1132 2908 Hagenins
1155 2834 1188 2893 61
1210 2828 1355 2893 Beckius
1376 2833 1410 2893 et

236 2933 388 2995 Rothius.
406 2933 505 2995 Dicas
519 2931 683 3009 benignos
698 2931 775 2994 11166
789 2932 1024 3008 grammaticos
1039 2929 1140 2992 solari
1152 2928 1238 2991 velle
1253 2927 1405 2991 solitudi-

236 3046 313 3092 nem
327 3033 493 3104 nostram;
509 3032 669 3105 attamen,
683 3033 863 3110 postquam
873 3029 1035 3091 unanimo
1048 3044 1218 3089 consensu
1231 3026 1412 3090 66666661-

237 3128 294 3190 tati
309 3131 390 3190 sunt
404 3145 482 3190 cum
497 3129 584 3189 inter
599 3127 758 3190 lemmata
776 3128 814 3189 81
832 3130 865 3189 61
885 3130 922 3189 95
947 3128 1019 3187 tum
1039 3126 1197 3187 16166101
1213 3127 1246 3187 61
1261 3125 1330 3197 ill,
1346 3125 1409 3204 ipsi
1523 3108 1529 3123 ’

234 3224 301 3286 heu
315 3224 321 3284 l
339 3242 400 3287 nos
415 3225 572 3287 deserunt
586 3227 750 3288 unanima
764 3242 901 3306 quoque
914 3224 1130 3286 inclementia
1144 3224 1232 3284 inter
1251 3222 1408 3285 lemmata

237 3324 270 3384 81
293 3326 326 3385 et
345 3326 380 3385 87
402 3326 503 3404 atque
522 3325 609 3387 inter
625 3328 662 3387 ss
678 3328 710 3387 61
725 3328 782 3387 1111
797 3327 898 3403 atque
912 3323 1012 3385 etiam
1026 3320 1094 3384 fere
1112 3323 1200 3384 inter
1218 3325 1273 3383 117
1290 3323 1323 3383 61
1339 3325 1408 3384 171.

278 3419 352 3494 Sed,
369 3422 524 3500 quamvis
540 3421 689 3484 tabulam
701 3425 849 3484 nostram
866 3420 1133 3483 testimoniorum
1147 3419 1409 3498 comparativam

237 3518 428 3580 consulenti
447 3519 546 3581 liceat
569 3519 714 3599 plurima
732 3519 890 3581 disserere
904 3518 944 3579 de
957 3515 1107 3580 fontibus
1122 3519 1181 3579 661
1194 3517 1234 3579 de
1245 3513 1410 3578 affinitate

238 3620 297 3679 aut
310 3617 350 3679 de
364 3617 588 3681 imitatoribus
603 3619 771 3680 variarum
785 3617 1022 3680 collectionum
1042 3633 1129 3696 quae
1141 3616 1229 3678 inter
1243 3632 1280 3678 66
1294 3613 1375 3677 6661
1391 3648 1409 3660 -

239 3719 371 3791 runtur,
390 3733 451 3779 nos
466 3715 598 3779 taudem
613 3716 721 3779 dicere
734 3715 848 3777 decet:

456 3830 590 3885 Claudite
601 3830 663 3896 jam
678 3830 756 3884 rivos
771 3829 854 3896 pueri
870 3834 937 3882 :sat
951 3834 1034 3895 prata
1046 3827 1196 3883 biberunt.

235 4083 254 4149 1
269 4077 311 4139 ΙΙ.
325 4109 363 4120 -
374 4074 501 4139 Tabula
516 4079 633 4139 nostra
648 4073 925 4138 testimoniorum
940 4072 1170 4154 comparativa
1185 4070 1409 4136 describitur.

274 4274 309 4337 1.
328 4307 364 4318 -
380 4277 429 4336 De
448 4274 555 4335 trtbas
570 4274 705 4336 tabulae
714 4273 973 4349 comparativae
983 4269 1151 4347 partious.
1169 4303 1209 4315 -
1222 4270 1300 4333 Jam
1316 4270 1407 4332 enim

239 4377 372 4454 tempus
394 4372 542 4452 postulat
564 4374 604 4433 61
627 4371 742 4435 lectori
765 4388 873 4452 aequo
893 4369 1063 4432 tradamus
1086 4368 1197 4432 claves
1218 4368 1410 4432 loculorum

238 4473 315 4535 XVI
330 4469 464 4533 tabulae
480 4473 624 4533 nostrae.

271 4656 305 4722 (1)
320 4656 356 4709 (ll.
372 4656 435 4708 inira
448 4656 555 4708 tabulam
566 4659 674 4707 66611616
689 4655 881 4707 testimoniorum
894 4653 1083 4718 comparativam
1097 4654 1122 4703 al
1131 4651 1239 4703 Indicam
1254 4651 1274 4701 l.
