3256 5460
688 1342 856 1437 PARS
898 1342 943 1436 V

386 1610 553 1672 TABULA
574 1609 844 1672 COMPARATIV
846 1611 874 1670 A
895 1609 1245 1672 TESTIMONIORUM

515 1744 591 1805 XVI
614 1743 829 1817 COLUMNIS
851 1744 1111 1807 INSTRUITUR

226 2163 332 2226 ludex
352 2161 490 2225 tabulae
515 2159 792 2224 testimoniorum
814 2161 1063 2240 comparativae
1091 2168 1189 2225 notas
1209 2161 1398 2242 explicans.

226 2409 390 2471 Conuraun
427 2407 459 2466 1²
481 2420 566 2482 quae
581 2399 775 2463 inscribitur
789 2401 1007 2464 AUCTORES
1015 2403 1137 2464 VARIl
1148 2408 1322 2466 enumerat
1332 2409 1399 2468 tes-

480 2565 482 2568 ,
528 2499 952 2579 timoniaquaepraebent:

566 2601 672 2677 Asper
686 2599 733 2676 (in
749 2597 798 2660 ed.
813 2599 918 2660 Servii
932 2597 974 2660 ab
989 2600 1028 2660 A.
1043 2598 1126 2660 Lion
1141 2599 1335 2682 publicato),

566 2698 678 2758 Cicero
695 2696 753 2775 (ed.
771 2697 870 2758 Orell.
887 2697 970 2758 Bait.
988 2696 1125 2777 Halm),

562 2796 681 2856 Festus
695 2794 757 2870 (ed.
775 2793 972 2857 Thewrewk
985 2794 1025 2857 de
1041 2795 1174 2876 Ponor),

563 2893 687 2954 Fronto
702 2892 764 2968 (ed.
782 2890 916 2972 Naber),

563 2991 688 3052 Gellius
705 2991 763 3068 (ed.
781 2989 904 3070 Hertz),

562 3090 695 3152 Nonius
709 3087 773 3169 (ed.
790 3088 953 3169 Mueller),

566 3187 691 3249 Paulus
706 3187 767 3265 (ed.
784 3186 981 3249 Thewrewk
994 3187 1033 3249 de
1047 3188 1181 3274 Punor),

567 3286 879 3348 Pseudo-Asconius
915 3284 967 3366 (cf.
998 3287 1065 3349 Cio.
1095 3288 1146 3350 ed.
1176 3289 1273 3352 Orell.
1303 3292 1390 3356 Bait.

622 3384 746 3463 Halm),

561 3485 667 3545 Varro
682 3483 764 3561 (edd.
783 3482 819 3543 L.
836 3485 867 3544 et
882 3484 921 3545 A.
940 3483 1103 3562 Spengel).

561 3582 610 3643 De
626 3584 657 3643 1²
672 3581 832 3642 columna
849 3577 891 3642 ef.
909 3597 1010 3660 supra
1022 3598 1053 3660 p.
1071 3585 1119 3644 76.

302 3713 339 3759 ss·
425 3682 459 3739 ‘2²²
481 3695 567 3757 quae
580 3676 775 3741 inscribitur
804 3678 938 3739 «ΚΕΗ,
952 3679 1012 3739 ΤΤ.
1032 3677 1083 3740 re
1101 3703 1117 3735 o
1138 3684 1313 3743 enumerat
1326 3685 1395 3744 tes-

525 3777 665 3839 timonia
684 3794 770 3856 quae
784 3774 943 3856 praebent
962 3777 1045 3838 varii
1065 3778 1279 3842 Grammatici
1297 3779 1394 3842 latini

521 3892 542 3936 a
555 3875 664 3937 Keilio
679 3874 756 3936 editi
770 3874 805 3934 in
822 3874 920 3935 tomis
935 3875 1015 3937 I-Vl
1030 3874 1089 3953 (uf.
1107 3892 1162 3956 pp.
1180 3881 1217 3938 76
1232 3877 1309 3959 sq.)

300 4006 336 4018 -
422 3971 455 4033 3²
475 3989 561 4051 quae
575 3971 768 4035 inscribitur
784 3997 798 4028 «
817 3972 905 4033 uAP.
922 3970 1040 4052 (147)»
1056 3977 1230 4036 enumerat
1241 3977 1390 4038 testimo-

527 4071 582 4131 nia
596 4088 682 4150 quae
697 4068 856 4150 praebent
870 4071 904 4131 in
919 4073 1009 4132 tomo
1024 4071 1087 4133 VII
1101 4071 1256 4135 Keiliano
1280 4092 1286 4134 :

562 4169 667 4248 Caper
688 4168 979 4248 (Orthopropttu),
1007 4202 1046 4213 -
1073 4170 1176 4250 Caper
1196 4171 1256 4250 (De
1278 4177 1394 4236 Verbis

621 4270 741 4340 dubito,
771 4265 870 4346 cujus
898 4264 1004 4328 libelli
1040 4266 1199 4330 lemmata
1226 4273 1391 4335 astatooo

620 4365 803 4445 notamus),
824 4398 860 4409 —
884 4364 967 4426 varii
992 4366 1207 4428 Grammatioi
1229 4368 1391 4449 (quorum

619 4462 809 4524 testimonia
829 4463 917 4523 inter
930 4463 1145 4541 parentheses
1164 4465 1386 4548 inclusimus).

616 4559 663 4623 Cf.
681 4578 781 4640 supra
796 4577 827 4640 p.
846 4562 894 4622 77.
