3256 5460
224 548 264 611 bd
414 571 456 617 nn
481 572 579 620 breno
601 574 642 617 nn
658 575 869 622 rnoenrnrrre
882 576 1044 623 servorun
1065 575 1146 624 rans
1167 577 1202 624 111

225 747 434 826 inpromptu
453 748 541 808 esset
565 748 661 810 tertia
681 746 872 813 Gothofredi
893 743 1004 826 editio,
1028 749 1174 813 secunda
1194 751 1303 831 potior
1325 769 1399 816 esse

228 842 324 906 nobis
334 843 407 906 visa
416 847 478 918 est,
490 847 683 925 praesertim
695 848 774 927 quia
787 865 867 911 cum
877 853 1026 912 secunda
1036 848 1184 912 codicem
1193 850 1398 914 Beruensem

229 945 284 1004 224
301 942 471 1016 Hagenius
486 945 641 1020 eontulit,
658 948 697 1007 ut
710 946 856 1010 diximus
865 946 921 1029 (l).
1258 1025 1261 1034 Ι

268 1039 331 1102 Sed
345 1040 384 1102 de
398 1042 587 1122 apographo
604 1061 643 1106 eo
660 1043 814 1109 editionis
828 1047 963 1107 XXlV⁸⁰
982 1049 1115 1110 nostrae
1134 1064 1202 1109 non
1222 1045 1297 1109 fuse
1316 1047 1400 1124 egis·

228 1157 353 1216 semus
379 1141 444 1204 nisi
469 1143 634 1223 potuisset
654 1145 851 1225 persuadere
875 1146 1021 1210 incautis
1048 1147 1230 1210 auctoritas
1258 1147 1401 1224 Hagenii

227 1239 407 1303 editionem
422 1241 516 1305 illam
531 1260 599 1305 non
614 1246 755 1306 exstare.

302 1530 409 1599 §VII
431 1563 468 1573 -
491 1527 600 1593 ΧἾΙΙΙΙ
627 1529 755 1607 saeculi
779 1530 886 1595 editio
905 1531 959 1596 rel
980 1530 1095 1613 potius
1113 1529 1330 1611 apographon

709 1652 918 1711 recensetur.

264 1886 436 1948 xxvm
451 1888 556 1950 nostri
569 1892 770 1969 conspectus
783 1888 881 1951 edilio
891 1889 972 1952 item
981 1888 1196 1970 apographon
1209 1890 1278 1950 est:
1297 1890 1405 1949 trans·

232 1982 331 2046 cribit
349 1985 440 2047 enim
461 1986 664 2049 Grialianam
685 2004 788 2066 quam
807 1989 920 2050 XXl¹¹¹¹
940 1987 1148 2050 vocavimus.
1172 1987 1268 2048 Hanc
1292 1987 1407 2047 autem

233 2099 320 2162 quae
329 2084 563 2149 unicaXVHI⁰
573 2086 719 2160 saeculo,
731 2089 770 2148 ut
783 2086 917 2166 quidem
927 2089 1096 2166 putemne,
1109 2087 1239 2147 textum
1250 2084 1407 2146 nostrum

234 2181 384 2261 protulit,
400 2183 447 2245 ita
461 2181 618 2246 describit
631 2183 794 2247 Arevalus
808 2185 844 2246 in
858 2184 976 2247 limine
988 2184 1106 2264 capitis
1120 2183 1293 2244 XXXVIII
1310 2199 1317 2240 :

276 2299 292 2338 ι
306 2280 582 2345 Bartholomaeus
596 2283 705 2357 Ulloa,
721 2282 905 2364 bibliopola
925 2283 1126 2346 Matritensis
1142 2280 1265 2343 nostris
1282 2282 1409 2359 tempo-

236 2376 329 2441 ribus
343 2378 433 2442 haud
444 2380 612 2457 ignobilis,
625 2398 704 2443 cum
719 2381 940 2444 intellexisset
954 2397 1077 2443 novam
1088 2381 1232 2460 Operum
1244 2378 1278 2440 S.
1289 2375 1409 2439 Isidori

235 2476 413 2542 editionem
433 2477 504 2560 jam
525 2479 651 2559 pridem
678 2479 864 2555 desiderari,
893 2479 933 2542 ad
952 2496 1027 2542 eam
1054 2476 1262 2556 elegantibus
1290 2475 1408 2538 formis

235 2576 461 2640 adornandam
485 2580 622 2640 strenue
635 2595 811 2655 aggressus
834 2581 895 2640 est.
918 2578 969 2639 En
993 2576 1156 2638 titulum:
1180 2579 1257 2639 Divi
1280 2569 1428 2637 Isidori

236 2681 451 2751 Hispalensis
465 2680 613 2753 episcopi
633 2677 743 2753 opera
761 2676 905 2754 Philippi
924 2681 958 2738 ll
972 2675 1134 2738 Catholici
1153 2678 1246 2751 regis
1257 2677 1363 2749 jussu
1378 2674 1410 2735 et

235 2776 378 2838 uetustis
401 2780 657 2850 eueurpluribus
680 2778 872 2846 emendata,
898 2790 990 2838 uuuc
1017 2780 1125 2837 deiecto
1151 2774 1410 2849 diligentissime

235 2876 407 2949 correcto,
437 2875 538 2950 cique
564 2879 735 2951 aliquibus
760 2878 932 2949 opusculis
959 2875 1166 2949 Appendieis
1192 2876 1264 2934 ioco
1291 2872 1407 2932 aucta.

236 2974 382 3045 Muiriti,
399 2975 490 3050 iupis
505 2976 536 3036 et
551 2978 711 3050 expensis
725 2975 981 3037 Bartholomuei
1001 2976 1095 3035 Utica
1109 2989 1121 3033 .·
1137 2973 1228 3047 apuli
1243 2970 1406 3032 uzouaste·

236 3077 331 3135 riuus
357 3069 588 3147 conceptionis
612 3075 906 3145 Hieronymiuuae
920 3090 931 3133 .·
956 3085 1046 3134 aeuo
1070 3072 1201 3133 Domini
1220 3067 1317 3129 (778.
1335 3067 1410 3128 Duo

237 3187 360 3245 magna
373 3170 547 3233 volumina
558 3169 671 3232 in-iol.
695 3193 706 3227 ι

279 3269 386 3339 Quam
417 3268 674 3348 descriptionem
709 3268 796 3349 apud
824 3268 1005 3331 Arevalum
1039 3267 1163 3346 excipit
1195 3263 1411 3344 apographon

241 3391 253 3423 ι
271 3366 382 3430 brevis
401 3365 615 3446 praelationis
631 3391 646 3424 1>
668 3371 821 3430 Editoris
836 3367 905 3448 (vel
919 3367 1031 3447 potins
1047 3362 1261 3442 iupourapu)
1282 3360 1411 3435 Ulloae‚

241 3466 299 3546 qui
313 3467 459 3542 ingenue
475 3465 557 3527 haec
576 3453 742 3528 declarat:
787 3549 789 3552 Α

281 3584 297 3626 ‹
311 3564 459 3627 Eandem
472 3565 580 3644 ipsam
590 3562 928 3644 videlicetregiam(2)
942 3563 1122 3625 editionem
1131 3561 1305 3638 integram,
1318 3557 1413 3618 illus-

241 3665 334 3727 triori
358 3660 466 3725 forma
488 3663 660 3740 digestam,
686 3662 944 3740 elegantioribus
968 3659 1227 3733 characteribus,
1253 3660 1286 3720 et
1310 3654 1415 3718 nitida

242 3761 368 3837 charta,
382 3762 487 3837 idest,
504 3763 638 3842 optimis
655 3763 743 3844 typis
757 3761 860 3844 (quae
875 3760 1074 3842 typographi
1089 3762 1170 3822 sunt
1190 3754 1309 3839 partes)
1333 3770 1414 3816 con·

243 3861 395 3941 spicuam
409 3861 531 3923 Iterum
545 3862 580 3923 in
593 3860 741 3922 medium
756 3858 896 3940 profero.
910 3861 1026 3936 Neque
1037 3859 1105 3932 libi,
1120 3859 1227 3920 tector
1242 3856 1411 3928 benevole,

242 3964 337 4022 aliud
352 3975 374 4021 a
388 3975 442 4021 me
456 3964 705 4035 exquirendum
716 3959 826 4035 putes.
846 3977 862 4017 s

283 4054 446 4120 Praefatio
470 4056 528 4118 illa
553 4055 693 4119 candida
716 4056 796 4118 novi
821 4074 836 4115 u
861 4054 995 4117 editoris
1020 4074 1049 4128 a,
1078 4070 1180 4133 quarn
1206 4052 1359 4127 Mrgneus
1377 4048 1413 4108 in

243 4153 377 4218 duobus
401 4153 442 4236 (3)
478 4153 710 4216 voluminibus
737 4153 807 4216 suis
840 4150 1046 4225 transcribit,
1073 4149 1221 4213 modesta
1249 4145 1414 4228 promittit

209 4420 213 4426 .
274 4384 310 4448 (1)
323 4384 385 4447 §Vb
402 4383 412 4432 i
431 4397 451 4432 s.
467 4382 484 4429 l.

276 4474 311 4536 (2)
325 4472 472 4523 Grialianam
486 4469 599 4532 designat
613 4469 716 4518 verbum
732 4465 803 4516 illud.

278 4562 311 4627 (3)
325 4561 394 4612 Tora.
410 4558 512 4611 LXXXI
527 4556 584 4610 coll.
600 4557 647 4608 225
661 4571 715 4621 sqq.
731 4556 793 4606 etin
808 4554 890 4606 limine
904 4555 962 4605 tomi
973 4552 1096 4604 LXXXII.
