<?xml version="1.0" encoding="UTF-8"?>
<!DOCTYPE html PUBLIC "-//W3C//DTD XHTML 1.0 Transitional//EN"
    "http://www.w3.org/TR/xhtml1/DTD/xhtml1-transitional.dtd">
<html xmlns="http://www.w3.org/1999/xhtml" xml:lang="en" lang="en">
 <head>
  <title>
</title>
<meta http-equiv="Content-Type" content="text/html;charset=utf-8" />
  <meta name='ocr-system' content='tesseract 3.04.00' />
  <meta name='ocr-capabilities' content='ocr_page ocr_carea ocr_par ocr_line ocrx_word'/>
</head>
<body>
  <div class='ocr_page' id='page_1' title='image "./deemendandodiff00macgoog_0036.png"; bbox 0 0 3256 5460; ppageno 0'>
   <div class='ocr_carea' id='block_1_1' title="bbox 644 1484 917 1580">
    <p class='ocr_par' dir='ltr' id='par_1_1' title="bbox 644 1484 917 1580">
     <span class='ocr_line' id='line_1_1' title="bbox 644 1484 917 1580; baseline 0.007 -2"><span class='ocrx_word' id='word_1_1' title='bbox 644 1484 810 1579; x_wconf 87' lang='lat' dir='ltr'>PARS</span> <span class='ocrx_word' id='word_1_2' title='bbox 852 1489 917 1580; x_wconf 82' lang='lat' dir='ltr'><strong>lu</strong></span> 
     </span>
    </p>
   </div>
   <div class='ocr_carea' id='block_1_2' title="bbox 375 1729 1205 2131">
    <p class='ocr_par' dir='ltr' id='par_1_2' title="bbox 375 1729 1205 2131">
     <span class='ocr_line' id='line_1_2' title="bbox 602 1729 980 1828; baseline 0.008 -5"><span class='ocrx_word' id='word_1_3' title='bbox 602 1757 659 1824; x_wconf 86' lang='lat' dir='ltr'><strong>nn</strong></span> <span class='ocrx_word' id='word_1_4' title='bbox 684 1729 980 1828; x_wconf 73' lang='lat' dir='ltr'><strong>auricomans</strong></span> 
     </span>
     <span class='ocr_line' id='line_1_3' title="bbox 375 1907 1205 1979; baseline 0.004 -3"><span class='ocrx_word' id='word_1_5' title='bbox 375 1907 496 1976; x_wconf 82' lang='lat' dir='ltr'><strong>nram</strong></span> <span class='ocrx_word' id='word_1_6' title='bbox 523 1913 583 1976; x_wconf 84' lang='lat' dir='ltr'><strong>nu</strong></span> <span class='ocrx_word' id='word_1_7' title='bbox 607 1911 920 1976; x_wconf 77' lang='lat' dir='ltr'><strong>rnorrnrrum</strong></span> <span class='ocrx_word' id='word_1_8' title='bbox 943 1913 1205 1979; x_wconf 82' lang='lat' dir='ltr'><strong>snauouuu</strong></span> 
     </span>
     <span class='ocr_line' id='line_1_4' title="bbox 585 2060 982 2131; baseline 0.008 -3"><span class='ocrx_word' id='word_1_9' title='bbox 585 2060 982 2131; x_wconf 61' lang='lat' dir='ltr'><strong>mmmm</strong></span> 
     </span>
    </p>
   </div>
   <div class='ocr_carea' id='block_1_3' title="bbox 731 2266 838 2276">
    <p class='ocr_par' dir='ltr' id='par_1_3' title="bbox 731 2266 838 2276">
     <span class='ocr_line' id='line_1_5' title="bbox 731 2266 838 2276; baseline 0.009 -1"><span class='ocrx_word' id='word_1_10' title='bbox 731 2266 838 2276; x_wconf 80' lang='lat'><strong>——</strong></span> 
     </span>
    </p>
   </div>
   <div class='ocr_carea' id='block_1_4' title="bbox 258 2525 1318 2608">
    <p class='ocr_par' dir='ltr' id='par_1_4' title="bbox 258 2525 1318 2608">
     <span class='ocr_line' id='line_1_6' title="bbox 258 2525 1318 2608; baseline 0.008 -22"><span class='ocrx_word' id='word_1_11' title='bbox 258 2532 276 2596; x_wconf 72' lang='lat' dir='ltr'><strong>p</strong></span> <span class='ocrx_word' id='word_1_12' title='bbox 291 2527 316 2587; x_wconf 99' lang='grc'><strong>1.</strong></span> <span class='ocrx_word' id='word_1_13' title='bbox 336 2525 465 2587; x_wconf 80' lang='lat' dir='ltr'><strong>—Rom</strong></span> <span class='ocrx_word' id='word_1_14' title='bbox 481 2526 702 2605; x_wconf 83' lang='lat' dir='ltr'><strong>appredimur</strong></span> <span class='ocrx_word' id='word_1_15' title='bbox 716 2543 734 2589; x_wconf 90' lang='lat' dir='ltr'><strong>a</strong></span> <span class='ocrx_word' id='word_1_16' title='bbox 750 2526 835 2589; x_wconf 90' lang='lat' dir='ltr'><strong>viris</strong></span> <span class='ocrx_word' id='word_1_17' title='bbox 851 2526 1059 2590; x_wconf 82' lang='lat' dir='ltr'><strong>doctissimis</strong></span> <span class='ocrx_word' id='word_1_18' title='bbox 1075 2530 1318 2608; x_wconf 80' lang='lat' dir='ltr'><strong>perturbatam.</strong></span> 
     </span>
    </p>
   </div>
   <div class='ocr_carea' id='block_1_5' title="bbox 200 2767 1382 4428">
    <p class='ocr_par' dir='ltr' id='par_1_5' title="bbox 200 2767 1381 3240">
     <span class='ocr_line' id='line_1_7' title="bbox 244 2767 1375 2846; baseline 0.004 -16"><span class='ocrx_word' id='word_1_19' title='bbox 244 2767 278 2830; x_wconf 85' lang='lat'><strong>1.</strong></span> <span class='ocrx_word' id='word_1_20' title='bbox 295 2798 336 2812; x_wconf 93' lang='lat'>-</span> <span class='ocrx_word' id='word_1_21' title='bbox 349 2769 572 2830; x_wconf 82' lang='lat' dir='ltr'><strong>Erruoertmt</strong></span> <span class='ocrx_word' id='word_1_22' title='bbox 589 2771 656 2843; x_wconf 84' lang='lat' dir='ltr'><strong>ipsi</strong></span> <span class='ocrx_word' id='word_1_23' title='bbox 671 2771 812 2832; x_wconf 80' lang='lat' dir='ltr'><strong>Rotbius</strong></span> <span class='ocrx_word' id='word_1_24' title='bbox 833 2771 864 2833; x_wconf 89' lang='lat' dir='ltr'><strong>et</strong></span> <span class='ocrx_word' id='word_1_25' title='bbox 886 2773 1062 2846; x_wconf 66' lang='lat' dir='ltr'><strong>Horremus</strong></span> <span class='ocrx_word' id='word_1_26' title='bbox 1081 2776 1121 2833; x_wconf 86' lang='lat' dir='ltr'><strong>de</strong></span> <span class='ocrx_word' id='word_1_27' title='bbox 1141 2774 1283 2835; x_wconf 79' lang='lat' dir='ltr'><strong>historia</strong></span> <span class='ocrx_word' id='word_1_28' title='bbox 1303 2775 1375 2835; x_wconf 87' lang='lat' dir='ltr'><strong>edi-</strong></span> 
     </span>
     <span class='ocr_line' id='line_1_8' title="bbox 200 2866 1373 2940; baseline 0.005 -12"><span class='ocrx_word' id='word_1_29' title='bbox 200 2869 331 2929; x_wconf 83' lang='lat' dir='ltr'><strong>tionum</strong></span> <span class='ocrx_word' id='word_1_30' title='bbox 366 2866 651 2940; x_wconf 79' lang='lat' dir='ltr'><strong>Differentiumm</strong></span> <span class='ocrx_word' id='word_1_31' title='bbox 684 2871 896 2933; x_wconf 84' lang='lat' dir='ltr'><strong>uestrorum.</strong></span> <span class='ocrx_word' id='word_1_32' title='bbox 930 2902 969 2912; x_wconf 91' lang='lat'><em>-</em></span> <span class='ocrx_word' id='word_1_33' title='bbox 1005 2869 1152 2933; x_wconf 80' lang='lat' dir='ltr'><strong>Historia</strong></span> <span class='ocrx_word' id='word_1_34' title='bbox 1187 2869 1373 2934; x_wconf 79' lang='lat' dir='ltr'><strong>editionum</strong></span> 
     </span>
     <span class='ocr_line' id='line_1_9' title="bbox 205 2963 1377 3031; baseline 0.004 -5"><span class='ocrx_word' id='word_1_35' title='bbox 205 2966 317 3026; x_wconf 86' lang='lat' dir='ltr'><strong>textus</strong></span> <span class='ocrx_word' id='word_1_36' title='bbox 333 2964 438 3025; x_wconf 85' lang='lat' dir='ltr'><strong>nostri</strong></span> <span class='ocrx_word' id='word_1_37' title='bbox 452 2963 533 3026; x_wconf 89' lang='lat' dir='ltr'><strong>adeo</strong></span> <span class='ocrx_word' id='word_1_38' title='bbox 546 2967 596 3028; x_wconf 87' lang='lat' dir='ltr'><strong>cst</strong></span> <span class='ocrx_word' id='word_1_39' title='bbox 610 2963 754 3028; x_wconf 91' lang='lat' dir='ltr'><strong>obscura</strong></span> <span class='ocrx_word' id='word_1_40' title='bbox 768 2969 808 3028; x_wconf 90' lang='lat' dir='ltr'><strong>ut</strong></span> <span class='ocrx_word' id='word_1_41' title='bbox 822 2966 861 3029; x_wconf 88' lang='lat' dir='ltr'><strong>dc</strong></span> <span class='ocrx_word' id='word_1_42' title='bbox 876 2966 935 3028; x_wconf 87' lang='lat' dir='ltr'><strong>illa</strong></span> <span class='ocrx_word' id='word_1_43' title='bbox 948 2969 1131 3029; x_wconf 86' lang='lat' dir='ltr'><strong>erraverint</strong></span> <span class='ocrx_word' id='word_1_44' title='bbox 1146 2971 1216 3030; x_wconf 85' lang='lat' dir='ltr'><strong>tota</strong></span> <span class='ocrx_word' id='word_1_45' title='bbox 1230 2969 1284 3030; x_wconf 91' lang='lat' dir='ltr'><strong>via</strong></span> <span class='ocrx_word' id='word_1_46' title='bbox 1302 2986 1377 3031; x_wconf 90' lang='lat' dir='ltr'><strong>eru-</strong></span> 
     </span>
     <span class='ocr_line' id='line_1_10' title="bbox 205 3060 1381 3142; baseline 0.001 -19"><span class='ocrx_word' id='word_1_47' title='bbox 205 3060 359 3124; x_wconf 84' lang='lat' dir='ltr'><strong>ditissimi</strong></span> <span class='ocrx_word' id='word_1_48' title='bbox 380 3061 497 3134; x_wconf 88' lang='lat' dir='ltr'><strong>critici,</strong></span> <span class='ocrx_word' id='word_1_49' title='bbox 525 3065 563 3123; x_wconf 90' lang='lat' dir='ltr'><strong>ut</strong></span> <span class='ocrx_word' id='word_1_50' title='bbox 586 3065 713 3126; x_wconf 88' lang='lat' dir='ltr'><strong>ceteros</strong></span> <span class='ocrx_word' id='word_1_51' title='bbox 737 3065 944 3140; x_wconf 85' lang='lat' dir='ltr'><strong>omittamus,</strong></span> <span class='ocrx_word' id='word_1_52' title='bbox 971 3066 1125 3140; x_wconf 73' lang='lat' dir='ltr'><strong>[inthius</strong></span> <span class='ocrx_word' id='word_1_53' title='bbox 1149 3067 1321 3142; x_wconf 85' lang='lat' dir='ltr'><strong>Hagenius</strong></span> <span class='ocrx_word' id='word_1_54' title='bbox 1348 3069 1381 3130; x_wconf 85' lang='lat' dir='ltr'><strong>et</strong></span> 
     </span>
     <span class='ocr_line' id='line_1_11' title="bbox 202 3156 473 3240; baseline 0 -20"><span class='ocrx_word' id='word_1_55' title='bbox 202 3160 275 3240; x_wconf 89' lang='lat' dir='ltr'><strong>ipsc</strong></span> <span class='ocrx_word' id='word_1_56' title='bbox 290 3156 473 3222; x_wconf 84' lang='lat' dir='ltr'><strong>Fabricius.</strong></span> 
     </span>
    </p>

    <p class='ocr_par' dir='ltr' id='par_1_6' title="bbox 204 3257 1379 3635">
     <span class='ocr_line' id='line_1_12' title="bbox 244 3257 1379 3337; baseline 0.002 -16"><span class='ocrx_word' id='word_1_57' title='bbox 244 3257 376 3321; x_wconf 84' lang='lat' dir='ltr'><strong>Etenim</strong></span> <span class='ocrx_word' id='word_1_58' title='bbox 391 3272 562 3337; x_wconf 85' lang='lat' dir='ltr'><strong>perperam</strong></span> <span class='ocrx_word' id='word_1_59' title='bbox 578 3260 733 3334; x_wconf 82' lang='lat' dir='ltr'><strong>Rothius,</strong></span> <span class='ocrx_word' id='word_1_60' title='bbox 750 3259 964 3323; x_wconf 81' lang='lat' dir='ltr'><strong>viriliacum</strong></span> <span class='ocrx_word' id='word_1_61' title='bbox 984 3262 1019 3322; x_wconf 91' lang='lat' dir='ltr'><strong>in</strong></span> <span class='ocrx_word' id='word_1_62' title='bbox 1040 3262 1158 3323; x_wconf 88' lang='lat' dir='ltr'><strong>ceteris</strong></span> <span class='ocrx_word' id='word_1_63' title='bbox 1178 3262 1379 3324; x_wconf 83' lang='lat' dir='ltr'><strong>Litterarum</strong></span> 
     </span>
     <span class='ocr_line' id='line_1_13' title="bbox 204 3356 1379 3438; baseline 0.002 -18"><span class='ocrx_word' id='word_1_64' title='bbox 204 3376 418 3423; x_wconf 88' lang='lat' dir='ltr'><strong>romanarum</strong></span> <span class='ocrx_word' id='word_1_65' title='bbox 441 3356 842 3438; x_wconf 88' lang='lat' dir='ltr'><strong>partibusdoctissimus,</strong></span> <span class='ocrx_word' id='word_1_66' title='bbox 867 3363 939 3422; x_wconf 91' lang='lat' dir='ltr'><strong>tum</strong></span> <span class='ocrx_word' id='word_1_67' title='bbox 960 3361 1000 3422; x_wconf 90' lang='lat' dir='ltr'><strong>de</strong></span> <span class='ocrx_word' id='word_1_68' title='bbox 1022 3361 1085 3422; x_wconf 89' lang='lat' dir='ltr'><strong>hac</strong></span> <span class='ocrx_word' id='word_1_69' title='bbox 1108 3359 1379 3423; x_wconf 82' lang='lat' dir='ltr'><strong>Differentiarum</strong></span> 
     </span>
     <span class='ocr_line' id='line_1_14' title="bbox 205 3457 1379 3538; baseline 0.003 -19"><span class='ocrx_word' id='word_1_70' title='bbox 205 3459 377 3537; x_wconf 88' lang='lat' dir='ltr'><strong>provincia</strong></span> <span class='ocrx_word' id='word_1_71' title='bbox 392 3458 516 3537; x_wconf 89' lang='lat' dir='ltr'><strong>optimc</strong></span> <span class='ocrx_word' id='word_1_72' title='bbox 530 3457 681 3531; x_wconf 78' lang='lat' dir='ltr'><strong>meritus,</strong></span> <span class='ocrx_word' id='word_1_73' title='bbox 698 3457 781 3519; x_wconf 86' lang='lat' dir='ltr'><strong>haec</strong></span> <span class='ocrx_word' id='word_1_74' title='bbox 801 3460 943 3520; x_wconf 86' lang='lat' dir='ltr'><strong>asseruit</strong></span> <span class='ocrx_word' id='word_1_75' title='bbox 958 3459 993 3519; x_wconf 94' lang='lat' dir='ltr'><strong>in</strong></span> <span class='ocrx_word' id='word_1_76' title='bbox 1009 3457 1213 3538; x_wconf 85' lang='lat' dir='ltr'><strong>praefatione</strong></span> <span class='ocrx_word' id='word_1_77' title='bbox 1224 3459 1264 3522; x_wconf 91' lang='lat' dir='ltr'><strong>de</strong></span> <span class='ocrx_word' id='word_1_78' title='bbox 1279 3461 1379 3522; x_wconf 90' lang='lat' dir='ltr'><strong>Pseu-</strong></span> 
     </span>
     <span class='ocr_line' id='line_1_15' title="bbox 204 3554 1257 3635; baseline 0 -18"><span class='ocrx_word' id='word_1_79' title='bbox 204 3555 454 3617; x_wconf 87' lang='lat' dir='ltr'><strong>dosuctonianis</strong></span> <span class='ocrx_word' id='word_1_80' title='bbox 470 3554 672 3616; x_wconf 82' lang='lat' dir='ltr'><strong>Differentiis</strong></span> <span class='ocrx_word' id='word_1_81' title='bbox 688 3572 772 3634; x_wconf 91' lang='lat' dir='ltr'><strong>quas</strong></span> <span class='ocrx_word' id='word_1_82' title='bbox 787 3557 914 3635; x_wconf 89' lang='lat' dir='ltr'><strong>primus</strong></span> <span class='ocrx_word' id='word_1_83' title='bbox 930 3558 1120 3618; x_wconf 78' lang='lat' dir='ltr'><strong>accuratius</strong></span> <span class='ocrx_word' id='word_1_84' title='bbox 1135 3557 1234 3619; x_wconf 83' lang='lat' dir='ltr'><strong>edidit</strong></span> <span class='ocrx_word' id='word_1_85' title='bbox 1251 3575 1257 3617; x_wconf 74' lang='grc' dir='ltr'><strong>ε</strong></span> 
     </span>
    </p>

    <p class='ocr_par' dir='ltr' id='par_1_7' title="bbox 207 3638 1382 4125">
     <span class='ocr_line' id='line_1_16' title="bbox 246 3638 1382 3735; baseline 0.002 -20"><span class='ocrx_word' id='word_1_86' title='bbox 246 3677 260 3708; x_wconf 76' lang='lat' dir='ltr'><strong>c</strong></span> <span class='ocrx_word' id='word_1_87' title='bbox 284 3638 556 3716; x_wconf 80' lang='lat' dir='ltr'><strong>Differentiarum</strong></span> <span class='ocrx_word' id='word_1_88' title='bbox 572 3654 736 3734; x_wconf 72' lang='lat' dir='ltr'><strong>syllogem</strong></span> <span class='ocrx_word' id='word_1_89' title='bbox 754 3672 839 3733; x_wconf 85' lang='lat' dir='ltr'><strong>quac</strong></span> <span class='ocrx_word' id='word_1_90' title='bbox 859 3655 905 3716; x_wconf 90' lang='lat' dir='ltr'><strong>ita</strong></span> <span class='ocrx_word' id='word_1_91' title='bbox 923 3656 1062 3735; x_wconf 89' lang='lat' dir='ltr'><strong>incipit:</strong></span> <span class='ocrx_word' id='word_1_92' title='bbox 1082 3680 1095 3712; x_wconf 88' lang='lat'>«</span> <span class='ocrx_word' id='word_1_93' title='bbox 1112 3658 1207 3718; x_wconf 84' lang='lat' dir='ltr'><strong>Inter</strong></span> <span class='ocrx_word' id='word_1_94' title='bbox 1228 3659 1382 3730; x_wconf 74' lang='lat' dir='ltr'><strong>polliceri</strong></span> 
     </span>
     <span class='ocr_line' id='line_1_17' title="bbox 210 3751 1381 3832; baseline 0.001 -19"><span class='ocrx_word' id='word_1_95' title='bbox 210 3752 243 3813; x_wconf 85' lang='lat' dir='ltr'><strong>et</strong></span> <span class='ocrx_word' id='word_1_96' title='bbox 251 3753 454 3827; x_wconf 72' lang='lat' dir='ltr'><strong>promittere</strong></span> <span class='ocrx_word' id='word_1_97' title='bbox 474 3774 487 3806; x_wconf 73' lang='lat' dir='ltr'><strong>u</strong></span> <span class='ocrx_word' id='word_1_98' title='bbox 510 3754 542 3812; x_wconf 88' lang='lat' dir='ltr'><strong>et</strong></span> <span class='ocrx_word' id='word_1_99' title='bbox 562 3751 678 3813; x_wconf 87' lang='lat' dir='ltr'><strong>Isidori</strong></span> <span class='ocrx_word' id='word_1_100' title='bbox 699 3752 906 3832; x_wconf 83' lang='lat' dir='ltr'><strong>Hispalensis</strong></span> <span class='ocrx_word' id='word_1_101' title='bbox 925 3771 998 3815; x_wconf 87' lang='lat' dir='ltr'><strong>esse</strong></span> <span class='ocrx_word' id='word_1_102' title='bbox 1017 3752 1131 3828; x_wconf 87' lang='lat' dir='ltr'><strong>fertur,</strong></span> <span class='ocrx_word' id='word_1_103' title='bbox 1144 3759 1252 3829; x_wconf 84' lang='lat' dir='ltr'><strong>primi</strong></span> <span class='ocrx_word' id='word_1_104' title='bbox 1272 3758 1381 3815; x_wconf 88' lang='lat' dir='ltr'><strong>edide-</strong></span> 
     </span>
     <span class='ocr_line' id='line_1_18' title="bbox 207 3849 1381 3933; baseline 0.001 -20"><span class='ocrx_word' id='word_1_105' title='bbox 207 3854 288 3914; x_wconf 84' lang='lat' dir='ltr'><strong>rcmt</strong></span> <span class='ocrx_word' id='word_1_106' title='bbox 309 3850 457 3913; x_wconf 88' lang='lat' dir='ltr'><strong>Jacobus</strong></span> <span class='ocrx_word' id='word_1_107' title='bbox 478 3849 522 3911; x_wconf 92' lang='lat' dir='ltr'><strong>du</strong></span> <span class='ocrx_word' id='word_1_108' title='bbox 544 3849 644 3910; x_wconf 87' lang='lat' dir='ltr'><strong>Breul</strong></span> <span class='ocrx_word' id='word_1_109' title='bbox 666 3867 745 3911; x_wconf 90' lang='lat' dir='ltr'><strong>cum</strong></span> <span class='ocrx_word' id='word_1_110' title='bbox 763 3851 890 3912; x_wconf 89' lang='lat' dir='ltr'><strong>Isidoro</strong></span> <span class='ocrx_word' id='word_1_111' title='bbox 914 3853 1014 3914; x_wconf 89' lang='lat' dir='ltr'><strong>Paris.</strong></span> <span class='ocrx_word' id='word_1_112' title='bbox 1041 3852 1112 3913; x_wconf 82' lang='lat' dir='ltr'><strong>mm</strong></span> <span class='ocrx_word' id='word_1_113' title='bbox 1139 3856 1171 3912; x_wconf 90' lang='lat' dir='ltr'><strong>ct</strong></span> <span class='ocrx_word' id='word_1_114' title='bbox 1197 3852 1381 3933; x_wconf 91' lang='lat' dir='ltr'><strong>Dionysius</strong></span> 
     </span>
     <span class='ocr_line' id='line_1_19' title="bbox 207 3947 1380 4029; baseline 0.003 -19"><span class='ocrx_word' id='word_1_115' title='bbox 207 3947 427 4012; x_wconf 85' lang='lat' dir='ltr'><strong>Gothofredus</strong></span> <span class='ocrx_word' id='word_1_116' title='bbox 451 3949 486 4009; x_wconf 90' lang='lat' dir='ltr'><strong>in</strong></span> <span class='ocrx_word' id='word_1_117' title='bbox 512 3949 744 4010; x_wconf 85' lang='lat' dir='ltr'><strong>Grammaticis</strong></span> <span class='ocrx_word' id='word_1_118' title='bbox 769 3949 890 4010; x_wconf 90' lang='lat' dir='ltr'><strong>suisa.</strong></span> <span class='ocrx_word' id='word_1_119' title='bbox 918 3952 1010 4024; x_wconf 80' lang='grc'><strong>1601,</strong></span> <span class='ocrx_word' id='word_1_120' title='bbox 1037 3951 1132 4029; x_wconf 87' lang='lat' dir='ltr'><strong>isque</strong></span> <span class='ocrx_word' id='word_1_121' title='bbox 1151 3951 1380 4027; x_wconf 84' lang='lat' dir='ltr'><strong>Bongarsiano</strong></span> 
     </span>
     <span class='ocr_line' id='line_1_20' title="bbox 207 4047 512 4125; baseline -0.003 -15"><span class='ocrx_word' id='word_1_122' title='bbox 207 4048 320 4110; x_wconf 85' lang='lat' dir='ltr'><strong>codice</strong></span> <span class='ocrx_word' id='word_1_123' title='bbox 333 4064 417 4110; x_wconf 91' lang='lat' dir='ltr'><strong>usus</strong></span> <span class='ocrx_word' id='word_1_124' title='bbox 428 4047 481 4125; x_wconf 87' lang='lat' dir='ltr'><strong>(t).</strong></span> <span class='ocrx_word' id='word_1_125' title='bbox 499 4070 512 4100; x_wconf 75' lang='lat' dir='ltr'><strong>u</strong></span> 
     </span>
    </p>

    <p class='ocr_par' dir='ltr' id='par_1_8' title="bbox 210 4144 1382 4428">
     <span class='ocr_line' id='line_1_21' title="bbox 248 4144 1380 4228; baseline 0.003 -21"><span class='ocrx_word' id='word_1_126' title='bbox 248 4148 291 4207; x_wconf 80' lang='lat' dir='ltr'><strong>At</strong></span> <span class='ocrx_word' id='word_1_127' title='bbox 305 4146 427 4207; x_wconf 89' lang='lat' dir='ltr'><strong>erravit</strong></span> <span class='ocrx_word' id='word_1_128' title='bbox 442 4144 580 4206; x_wconf 90' lang='lat' dir='ltr'><strong>omnino</strong></span> <span class='ocrx_word' id='word_1_129' title='bbox 596 4144 647 4205; x_wconf 85' lang='lat' dir='ltr'><strong>vir</strong></span> <span class='ocrx_word' id='word_1_130' title='bbox 659 4147 809 4221; x_wconf 76' lang='lat' dir='ltr'><strong>egregius</strong></span> <span class='ocrx_word' id='word_1_131' title='bbox 827 4165 833 4205; x_wconf 78' lang='grc' dir='ltr'>ε</span> <span class='ocrx_word' id='word_1_132' title='bbox 852 4164 998 4226; x_wconf 89' lang='lat' dir='ltr'><strong>namque</strong></span> <span class='ocrx_word' id='word_1_133' title='bbox 1013 4146 1155 4209; x_wconf 88' lang='lat' dir='ltr'><strong>scribere</strong></span> <span class='ocrx_word' id='word_1_134' title='bbox 1167 4147 1306 4210; x_wconf 88' lang='lat' dir='ltr'><strong>debebat</strong></span> <span class='ocrx_word' id='word_1_135' title='bbox 1321 4166 1380 4228; x_wconf 92' lang='lat' dir='ltr'><strong>pro</strong></span> 
     </span>
     <span class='ocr_line' id='line_1_22' title="bbox 210 4242 1382 4322; baseline 0.001 -16"><span class='ocrx_word' id='word_1_136' title='bbox 210 4245 280 4306; x_wconf 91' lang='lat' dir='ltr'><strong>suis</strong></span> <span class='ocrx_word' id='word_1_137' title='bbox 301 4242 411 4306; x_wconf 90' lang='lat' dir='ltr'><strong>verbis</strong></span> <span class='ocrx_word' id='word_1_138' title='bbox 433 4263 449 4304; x_wconf 80' lang='lat' dir='ltr'><strong>c</strong></span> <span class='ocrx_word' id='word_1_139' title='bbox 467 4247 576 4319; x_wconf 83' lang='lat' dir='ltr'><strong>primi</strong></span> <span class='ocrx_word' id='word_1_140' title='bbox 601 4242 773 4306; x_wconf 86' lang='lat' dir='ltr'><strong>ediderunt</strong></span> <span class='ocrx_word' id='word_1_141' title='bbox 797 4264 812 4304; x_wconf 76' lang='lat' dir='ltr'><strong>b</strong></span> <span class='ocrx_word' id='word_1_142' title='bbox 835 4244 917 4307; x_wconf 89' lang='lat' dir='ltr'><strong>hacc</strong></span> <span class='ocrx_word' id='word_1_143' title='bbox 939 4265 954 4306; x_wconf 78' lang='lat' dir='ltr'><strong>c</strong></span> <span class='ocrx_word' id='word_1_144' title='bbox 976 4248 1141 4322; x_wconf 80' lang='lat' dir='ltr'><strong>postremi</strong></span> <span class='ocrx_word' id='word_1_145' title='bbox 1161 4246 1333 4308; x_wconf 88' lang='lat' dir='ltr'><strong>ediderunt</strong></span> <span class='ocrx_word' id='word_1_146' title='bbox 1348 4250 1382 4307; x_wconf 92' lang='lat' dir='ltr'><strong>et</strong></span> 
     </span>
     <span class='ocr_line' id='line_1_23' title="bbox 212 4343 1382 4428; baseline 0.002 -23"><span class='ocrx_word' id='word_1_147' title='bbox 212 4343 364 4405; x_wconf 90' lang='lat' dir='ltr'><strong>omnium</strong></span> <span class='ocrx_word' id='word_1_148' title='bbox 389 4343 617 4404; x_wconf 81' lang='lat' dir='ltr'><strong>recentissimi</strong></span> <span class='ocrx_word' id='word_1_149' title='bbox 633 4364 657 4403; x_wconf 88' lang='lat'><strong>».</strong></span> <span class='ocrx_word' id='word_1_150' title='bbox 676 4343 819 4417; x_wconf 86' lang='lat' dir='ltr'><strong>Etenim,</strong></span> <span class='ocrx_word' id='word_1_151' title='bbox 832 4346 870 4404; x_wconf 89' lang='lat' dir='ltr'><strong>ut</strong></span> <span class='ocrx_word' id='word_1_152' title='bbox 884 4361 964 4405; x_wconf 87' lang='lat' dir='ltr'><strong>mox</strong></span> <span class='ocrx_word' id='word_1_153' title='bbox 979 4343 1173 4406; x_wconf 85' lang='lat' dir='ltr'><strong>docebimus</strong></span> <span class='ocrx_word' id='word_1_154' title='bbox 1184 4344 1237 4428; x_wconf 75' lang='lat' dir='ltr'><strong>(i),</strong></span> <span class='ocrx_word' id='word_1_155' title='bbox 1254 4347 1287 4407; x_wconf 91' lang='lat' dir='ltr'><strong>et</strong></span> <span class='ocrx_word' id='word_1_156' title='bbox 1303 4348 1382 4408; x_wconf 88' lang='lat' dir='ltr'><strong>ante</strong></span> 
     </span>
    </p>
   </div>
   <div class='ocr_carea' id='block_1_6' title="bbox 242 4526 675 4683">
    <p class='ocr_par' dir='ltr' id='par_1_9' title="bbox 242 4526 675 4683">
     <span class='ocr_line' id='line_1_24' title="bbox 242 4526 675 4592; baseline -0.009 -14"><span class='ocrx_word' id='word_1_157' title='bbox 242 4529 276 4592; x_wconf 85' lang='grc'><strong>(1)</strong></span> <span class='ocrx_word' id='word_1_158' title='bbox 292 4526 367 4578; x_wconf 82' lang='lat' dir='ltr'><strong>Roth.</strong></span> <span class='ocrx_word' id='word_1_159' title='bbox 382 4527 421 4575; x_wconf 86' lang='lat' dir='ltr'><strong>ed.</strong></span> <span class='ocrx_word' id='word_1_160' title='bbox 441 4526 557 4588; x_wconf 85' lang='lat' dir='ltr'><strong>Suetonii,</strong></span> <span class='ocrx_word' id='word_1_161' title='bbox 571 4542 596 4590; x_wconf 93' lang='lat' dir='ltr'><strong>p.</strong></span> <span class='ocrx_word' id='word_1_162' title='bbox 613 4541 675 4574; x_wconf 84' lang='lat' dir='ltr'><strong>xcvr.</strong></span> 
     </span>
     <span class='ocr_line' id='line_1_25' title="bbox 243 4616 476 4683; baseline -0.004 -15"><span class='ocrx_word' id='word_1_163' title='bbox 243 4616 476 4683; x_wconf 52' lang='lat' dir='ltr'><strong>fflRme</strong></span> 
     </span>
    </p>
   </div>
   <div class='ocr_carea' id='block_1_7' title="bbox 0 0 1660 5460">
    <p class='ocr_par' dir='ltr' id='par_1_10' title="bbox 0 0 1660 5460">
     <span class='ocr_line' id='line_1_26' title="bbox 0 0 1660 5460; baseline 0 0"><span class='ocrx_word' id='word_1_164' title='bbox 0 0 1660 5460; x_wconf 95' lang='lat' dir='ltr'><strong> </strong></span> 
     </span>
    </p>
   </div>
  </div>
 </body>
</html>
