3256 5460
281 582 318 640 16
481 597 523 640 nu
545 597 641 641 niano
663 596 703 639 ue
721 596 934 641 reorninrnrs
948 597 1114 642 serenentur
1132 599 1211 643 rens
1237 601 1247 643 1

405 770 433 829 3.
452 803 487 813 -
504 768 551 829 De
567 769 662 830 tertia
675 766 865 831 Gothofredi
880 768 1023 831 editione
1037 769 1185 846 Hagenio
1200 773 1327 846 ignota.

283 866 388 936 still.
408 901 444 910 -
460 867 580 928 1111111ί
603 866 728 928 saeculi
748 865 847 929 editio
862 867 914 929 vel
929 867 1040 947 potius
1058 868 1299 947 «apographon
1317 890 1331 922 »

404 968 596 1026 recensetur
603 1010 1328 1030 ....................................

281 1068 300 1132 t
314 1062 404 1124 VIII.
422 1096 462 1107 —
479 1065 566 1124 XIXi
591 1064 715 1125 saeculi
732 1062 831 1126 editio
853 1064 906 1125 vel
921 1065 1033 1144 potius
1050 1089 1063 1123 1
1085 1064 1329 1145 apographon»

402 1163 594 1224 recensetur
597 1206 1326 1227 .....................................

280 1259 370 1329 th·
388 1291 426 1303 —
443 1263 710 1323 Concluditnree
720 1265 785 1323 XX
790 1265 872 1323 VIII
882 1263 1083 1326 editionibus
1097 1264 1225 1326 nostris
1239 1281 1251 1322 .·

362 1361 390 1418 t.
408 1393 445 1402 -
462 1358 627 1421 Libellum
642 1362 807 1434 nostrum,
828 1360 1048 1436 «evulgatum
1061 1384 1073 1415 n
1087 1360 1221 1439 quidem
1234 1377 1331 1440 saepe

400 1455 456 1517 sed
472 1473 648 1536 nunquam
662 1461 817 1520 accurate
838 1457 974 1532 editum,
996 1475 1068 1520 esse
1086 1457 1330 1520 emendandum

399 1554 530 1616 collatis
542 1558 575 1616 et
589 1559 760 1617 codicibus
775 1559 808 1618 et
827 1556 1027 1618 testimoniis
1033 1600 1324 1621 ...............

359 1655 386 1713 1.
406 1687 442 1696 -
460 1653 595 1716 Codices
613 1652 719 1715 obiter
737 1653 835 1716 modo
854 1670 1038 1716 memorare
1066 1672 1262 1735 possumus,
1293 1657 1328 1717 iu

397 1753 562 1831 praesenti
582 1752 746 1830 opusculo
780 1756 984 1815 Testimonio
1012 1757 1087 1832 post
1115 1756 1328 1816 enumeratas

396 1852 571 1913 Editiorees
585 1852 771 1926 aggressuri
776 1896 1324 1914 ............................

357 1949 385 2008 3.
401 1981 442 1991 -
453 1948 502 2009 De
515 1948 673 2011 Codieum
693 1951 739 2010 IX
762 1966 846 2028 quos
865 1950 928 2028 ipsi
942 1949 1149 2012 contutimus
1165 1948 1329 2013 classibus

396 2044 502 2107 tribus
507 2089 1321 2111 .........................................

496 2245 602 2307 PARS
618 2245 672 2307 IV.
702 2279 739 2289 -
764 2245 814 2306 De
834 2244 971 2307 Thanna
991 2262 1224 2307 conrnunrrvn

570 2350 823 2395 resnnomonnn
850 2349 1150 2394 renouenronuurr

604 2448 695 2495 TYPIS
710 2450 774 2494 JAM
789 2449 899 2494 ANTEA
913 2449 1113 2494 EXCUSORUM

440 2547 576 2598 QUORUM
599 2548 726 2594 TEXTUS
748 2548 981 2593 GONFERENDUS
1004 2547 1064 2592 EST
1085 2546 1153 2591 CUM
1176 2549 1275 2594 LIBRO

625 2637 667 2679 DE
681 2636 898 2682 Pnornmrnrn
909 2636 1089 2680 SERMONUM.

269 2787 288 2852 n
303 2783 375 2843 I.—
385 2785 579 2853 1100111000,
590 2787 805 2858 Hageniana,
819 2786 991 2845 Bereiara
999 2785 1198 2860 fragmenta
1206 2787 1238 2847 et
1254 2789 1321 2847 lio-

453 2880 648 2965 thiareorum
663 2897 751 2957 pers
766 2897 788 2943 a
804 2886 964 2944 taonnoso
978 2884 1122 2957 pendent
1137 2883 1320 2957 archetypo

453 2982 532 3040 iibri
546 2982 591 3041 eie
606 2980 869 3056 proprietate
896 2994 1128 3043 sermonum
1148 3001 1159 3040 :

350 3079 377 3137 1.
395 3110 433 3119 -
452 3076 500 3137 De
513 3077 694 3158 archetypo
703 3123 1314 3142 ...............................

350 3177 377 3236 2.
403 3209 432 3217 -
449 3174 663 3237 Handianum
686 3174 912 3252 fragmentum
936 3193 1015 3237 cum
1038 3177 1220 3257 archetypo
1241 3193 1321 3238 eon-

389 3270 494 3336 fertur
506 3319 1313 3338 .........................................

351 3374 379 3433 3.
398 3407 433 3415 -
459 3373 693 3450 Hagenianum
708 3371 933 3450 fragmentum
948 3389 1026 3435 oum
1045 3371 1153 3435 tribus
1168 3372 1319 3453 partibus

389 3470 538 3549 ejusdem
552 3472 726 3551 archetypi
745 3474 958 3551 comparatur
964 3515 1313 3535 ..................

348 3571 376 3628 1.
402 3602 440 3612 -
469 3569 517 3630 De
550 3568 745 3644 Hageniana
774 3566 917 3630 editione
945 3566 1121 3644 fragmenti
1157 3567 1318 3630 Differen-

388 3665 509 3727 tiarum
528 3669 719 3729 nostrarum
723 3711 1312 3730 ..............................

350 3767 376 3825 5.
395 3764 495 3826 -De
510 3762 695 3841 fragmento
710 3782 729 3827 a
744 3764 868 3828 Beekio
881 3782 972 3828 anno
988 3766 1065 3827 1881
1082 3764 1204 3827 0011010
1208 3810 1312 3828 ......

347 3866 373 3924 6.
391 3864 493 3926 -De
513 3863 637 3926 10011110
659 3864 717 3926 1110
741 3880 873 3941 magna,
900 3881 986 3944 quae
1012 3862 1143 3925 Handio
1167 3864 1316 3940 Hagenio

385 3960 508 4024 Beekio
531 3965 633 4041 atque
655 3963 755 4024 etiam
781 3962 903 4025 Rothio
925 3963 1115 4024 eommunis
1134 3965 1195 4036 est,
1217 3962 1317 4023 variis

385 4061 585 4123 testimoniis
604 4061 724 4141 partim
739 4060 902 4141 explenda
906 4105 1309 4125 .....................

265 4158 339 4230 sss-
360 4194 395 4204 -
416 4163 542 4222 Tobata
564 4161 685 4222 nostra
703 4161 977 4225 testimoniorum
996 4160 1234 4236 comparativa
1260 4163 1315 4221 ete-

384 4261 572 4321 scribitur:

345 4360 372 4417 1.
390 4392 429 4402 -
443 4359 491 4419 De
506 4356 612 4419 trihus
625 4355 759 4419 tabulae
772 4357 1017 4437 comparativae
1031 4353 1180 4437 partibus
1184 4400 1288 4417 ......

346 4459 372 4516 2.
390 4492 426 4501 -
442 4458 490 4518 De
504 4457 610 4536 prima
625 4454 759 4518 tabulae
773 4458 885 4536 parte:
902 4455 941 4518 de
953 4454 1151 4518 testimoniis
1166 4457 1199 4516 et
1213 4455 1313 4516 variis

382 4558 415 4617 et
430 4555 593 4617 Keilianis
608 4557 641 4616 et
661 4554 830 4616 Servianis
837 4598 1144 4618 ................
1159 4570 1164 4581 ·
1179 4597 1305 4616 .......

1415 771 1453 832 66

1416 971 1452 1028 60

1415 1167 1448 1224 61

1401 3081 1439 3142 66

1400 3279 1438 3339 67

1400 3475 1437 3535 69

1400 3672 1434 3729 71

1399 3767 1462 3829 77·

1398 4061 1435 4122 74

1394 4356 1432 4417 76

1394 4551 1488 4653 76.
