3256 5460
157 468 196 531 78
346 483 389 529 nl:
410 483 505 529 LIBRO
527 483 568 526 DE
590 484 793 530 mordicum
811 483 970 529 SEMONUM
989 484 1069 529 PARS
1091 483 1124 529 lv

192 655 234 720 8²
260 657 373 717 autem
394 655 429 716 in
454 655 634 732 columma,
658 674 745 737 quae
768 654 965 719 inscribitur
992 656 1124 718 «Serv.
1152 655 1210 734 (ln
1229 652 1285 736 V.)
1301 675 1331 731 r,
1362 673 1365 678 ·

154 753 381 835 disposuimus
407 753 616 818 Differentiae
643 772 729 834 quae
760 755 918 832 leguntur
946 752 1034 834 apud
1061 755 1216 816 Servium
1225 752 1277 835 (l)
1300 757 1334 815 et

156 851 444 914 Pseudoservium.
463 854 615 915 Ceterum
629 855 717 915 intra
733 854 948 934 parentheses
961 852 1164 914 inclusimus
1174 851 1334 915 lemmata

157 967 243 1030 quae
268 951 428 1027 Georgius
464 951 559 1013 Thilo
597 952 715 1014 litteris
750 951 921 1014 inclinatis
955 951 1124 1031 impressit
1156 953 1216 1013 aut
1245 968 1332 1031 quae

156 1047 313 1111 Albertus
350 1050 432 1111 Lion
472 1051 570 1112 uncis
607 1051 776 1130 quadratis
818 1051 963 1119 ornavit,
1004 1066 1090 1128 quae
1126 1054 1207 1114 sunt
1243 1049 1331 1112 addi-

154 1151 268 1210 menta
297 1145 438 1209 ἀδέσποτα
466 1149 524 1211 illa
550 1166 637 1229 quae
661 1151 790 1229 primus
813 1151 930 1212 Petrus
957 1148 1074 1210 Daniel
1092 1149 1225 1212 Parisiis
1239 1165 1330 1211 auno

155 1249 232 1309 loto
248 1246 356 1308 edidit.
374 1248 475 1322 Quae,
500 1264 695 1327 quanquam
718 1251 859 1310 manant
872 1264 892 1310 a
907 1245 1078 1309 codicibus
1094 1263 1239 1327 quorum
1255 1246 1331 1309 nul-

154 1344 208 1407 lus
236 1345 435 1424 inscriptum
464 1346 569 1407 Servii
599 1363 721 1408 nomen
751 1344 885 1426 profert,
907 1345 1065 1425 pleraque
1089 1347 1200 1408 tamen
1222 1343 1333 1407 bonae

157 1440 262 1518 frugis
284 1446 364 1504 sunt
381 1461 387 1502 :
407 1444 530 1523 quippe
560 1460 704 1522 quarum
728 1446 901 1506 auctorem
925 1446 1020 1522 putet
1042 1443 1093 1503 vir
1116 1442 1334 1505 doctissimus

158 1540 320 1602 Aemilius
343 1541 486 1603 Thomas
509 1541 613 1604 fuisse
633 1545 692 1604 aut
715 1542 890 1622 aequalem
913 1542 1019 1602 Servii
1034 1544 1094 1602 aut
1107 1542 1334 1620 antiquiorem

160 1639 233 1718 ipso
248 1638 382 1700 saeculo
398 1639 517 1718 quinto
528 1638 587 1721 (ἓ).
606 1641 759 1702 Ceterum
773 1638 863 1701 haud
878 1655 1009 1719 semper
1023 1638 1244 1700 consentiunt
1260 1639 1335 1699 Ser-

160 1746 260 1807 viana
274 1745 430 1807 lemmata
444 1763 523 1807 oum
537 1747 660 1808 nostris
674 1745 842 1825 parallelis
855 1766 862 1807 ι
874 1748 926 1807 est
935 1744 994 1806 ubi
1004 1744 1122 1806 dicunt
1132 1747 1192 1806 aut
1204 1742 1336 1806 diversa

161 1846 220 1904 aut
235 1844 423 1919 contraria;
451 1845 583 1923 saepius
607 1848 763 1906 asserunt
784 1845 929 1920 ingenue
954 1841 1056 1904 verba
1079 1842 1166 1904 idem
1194 1841 1334 1903 omnino

162 1939 348 2016 significare
365 1958 451 2021 quae
465 1941 640 2018 distinguit
653 1941 737 2004 liber
750 1947 790 2005 αθ
805 1944 1024 2018 Proprietete
1036 1957 1248 2003 sermonum.

201 2040 277 2101 Jam
299 2056 377 2102 vero
392 2040 610 2102 lustravimus
636 2040 812 2103 columnas
838 2044 980 2114 nostras,
1007 2056 1028 2101 a
1043 2043 1074 2100 la
1088 2055 1197 2118 usque
1211 2037 1251 2100 ad
1267 2042 1335 2112 8³¹⁰,

164 2154 251 2217 quae
278 2139 503 2212 constituunt,
527 2142 567 2200 ut
598 2138 756 2214 diximus,
786 2139 928 2218 primam
951 2136 1085 2199 tabulae
1113 2140 1252 2217 partem,
1282 2135 1336 2197 vel

165 2237 260 2315 quasi
275 2232 380 2298 cornu
396 2238 571 2299 sinistrum
584 2237 752 2299 exereitus
766 2236 870 2316 hujus
884 2236 1094 2298 coruscantis
1109 2236 1268 2297 numeris.

201 2396 240 2459 3.
261 2432 298 2441 —
313 2401 362 2460 De
375 2402 524 2460 seeundo
539 2400 674 2460 tabulae
687 2399 806 2473 parte:
823 2401 864 2459 αθ
879 2399 987 2460 titulis
1000 2397 1031 2458 el
1047 2399 1251 2458 demerueris
1268 2393 1338 2458 256

164 2499 283 2570 quiem
310 2501 528 2573 destruamus
559 2498 720 2558 lemmata
753 2497 884 2557 nostra.
920 2529 955 2538 -
985 2495 1024 2558 9ὃ
1047 2493 1207 2555 columna
1238 2509 1336 2572 quae,

160 2593 247 2654 inter
261 2594 435 2655 sinistrum
449 2610 556 2656 cornu
571 2596 603 2654 et
616 2592 939 2667 dextrum,medium
955 2593 1050 2672 quasi
1065 2608 1184 2668 agmen
1200 2589 1336 2665 incedit,

159 2693 192 2751 et
204 2692 275 2753 sola
298 2696 437 2754 ornatur
451 2692 569 2754 litteris
579 2693 666 2754 inter
682 2695 732 2753 tot
747 2709 905 2754 numeros
926 2689 1196 2765 humanioribus,
1212 2686 1339 2770 profert

161 2789 276 2852 titulos
305 2790 502 2852 lemmatum
525 2788 600 2851 libri
623 2795 664 2852 αθ
679 2792 899 2866 proprietate
918 2805 1128 2853 sermonum.
1157 2786 1288 2858 Quibus
1302 2788 1337 2848 in

162 2886 268 2950 titulis
278 2887 527 2950 conscribendis
542 2905 622 2949 eum
645 2887 774 2950 nullius
786 2886 920 2950 editoris
935 2887 971 2949 in
986 2886 1088 2950 verba
1098 2885 1337 2967 juraverimus,

161 2985 344 3065 scripturae
367 2990 501 3049 nostrae
524 2987 688 3048 rationem
706 2985 839 3048 reddere
853 2985 944 3048 haud
968 2999 1259 3065 supervacaneum
1274 2985 1336 3056 est,

162 3084 270 3146 sicubi
293 3084 457 3165 discrepat
484 3083 526 3147 ab
545 3085 744 3148 Arevaliana
768 3089 801 3148 et
824 3086 1029 3162 Hageniana.
1049 3083 1112 3146 Sed
1132 3086 1172 3144 ut
1185 3083 1225 3144 de
1240 3081 1339 3143 titulo

162 3181 393 3257 concludatur,
418 3181 649 3244 disserendum
662 3185 713 3244 est
734 3181 773 3244 de
789 3185 884 3244 textu
912 3183 1015 3244 totius
1040 3181 1206 3242 lemmatis
1227 3195 1340 3258 :quae

163 3281 301 3341 materia
315 3279 433 3342 idonea
446 3281 552 3356 magis
571 3281 632 3341 erit
645 3280 781 3342 editioni
791 3280 836 3359 (3)
850 3297 952 3360 quam
973 3280 1058 3342 thesi
1073 3279 1209 3341 latinae.
1232 3278 1340 3348 Quare

164 3381 274 3440 totum
288 3379 380 3440 hunc
395 3381 593 3458 apparatum
602 3381 636 3440 et
645 3379 810 3455 longiores
820 3395 983 3441 excursus
993 3376 1116 3457 quibus
1127 3375 1341 3457 impediretur

163 3473 338 3557 descriptio
350 3474 483 3538 tabulae
498 3479 641 3550 nostrae,
659 3492 816 3555 praesens
833 3477 867 3537 in
880 3478 1013 3556 tempus
1031 3474 1187 3537 consulto
1198 3476 1340 3554 praeter-

163 3573 340 3635 mittimus.

203 3670 268 3732 10³
297 3673 410 3732 autem
439 3671 599 3733 columna
623 3688 782 3734 numeros
804 3670 940 3751 praebet
966 3669 1170 3733 Differeniiis
1198 3670 1341 3746 singulis

194 3866 228 3929 (Ι)
244 3866 271 3914 ln
289 3866 317 3914 gc
338 3865 449 3914 columna
464 3880 513 3914 non
528 3868 605 3930 agitur
619 3867 649 3916 de
666 3867 790 3916 Servianis
805 3867 905 3931 scriptis
919 3881 980 3929 quae
993 3867 1106 3930 leguntur
1121 3867 1145 3915 in
1162 3871 1226 3915 tomo
1238 3867 1270 3915 lV
1282 3869 1340 3919 Kei-

163 3935 237 3990 liano.
255 3936 286 3984 de
301 3950 349 4000 quo
364 3937 396 3986 ci.
410 3937 547 3985 columnam
561 3939 619 3987 2⁸⁰¹.
648 3966 676 3974 -
707 3937 744 3986 De
769 3939 856 3987 litteris
877 3938 896 3985 E
919 3942 943 3985 et
969 3938 997 3995 G,
1026 3952 1087 4001 quas
1101 3938 1202 4001 praebet
1216 3939 1340 3988 interdum

164 4006 276 4055 columna
289 4007 318 4056 8⁸
336 4011 430 4065 nostra,
448 4007 503 4055 vide
517 4007 632 4056 indicem
647 4012 771 4058 notarum
792 4023 863 4071 quem
887 4009 982 4057 tabulae
999 4009 1178 4071 comparativae
1194 4011 1339 4072 praeposui·

164 4091 229 4125 mus.
251 4077 295 4125 llic
308 4077 402 4141 agimus
417 4077 447 4125 de
474 4096 485 4120 «
504 4077 700 4128 Commentario
715 4081 742 4128 in
762 4079 904 4143 Vergilium
922 4099 943 4129 r.
967 4079 1001 4128 De
1016 4081 1093 4129 titulis
1108 4080 1221 4144 genuinis
1237 4082 1268 4129 ab
1285 4082 1339 4144 ipso

166 4145 254 4196 Servio
270 4150 379 4212 scriptis,
395 4148 436 4212 qui
451 4162 534 4196 omnes
550 4149 702 4209 interierunt,
718 4150 749 4201 cf.
764 4150 872 4199 Thilonis
887 4151 1059 4213 praelationem
1074 4166 1097 4214 p.
1112 4149 1195 4201 XClV.

196 4255 231 4318 (2)
245 4255 312 4303 Essni
329 4271 372 4304 sur
384 4255 485 4304 Servius
498 4271 524 4318 p.
543 4254 598 4306 295.

198 4361 232 4425 (3)
247 4362 381 4410 Elitionem
397 4362 452 4410 libri
467 4362 500 4410 de
514 4363 682 4427 Proprielate
696 4363 848 4413 Sermonum
863 4376 984 4425 parumne,
996 4364 1066 4425 cujus
1080 4364 1149 4426 quasi
1168 4363 1287 4426 praelatio
1298 4369 1337 4413 est

165 4446 282 4494 praesens
297 4432 453 4495 opusculum.
