3256 5460
673 1343 841 1438 PARS
876 1344 944 1436 Vl

530 1588 585 1648 DE
607 1588 651 1649 IV
674 1587 889 1649 INDICIBUS
912 1585 1092 1647 NOSTRIS

225 1987 279 2069 §l
296 2023 335 2033 —
356 1987 400 2050 lle
420 1988 624 2050 Verborum
650 1985 824 2050 lndicibus
845 1987 974 2050 nostris
996 1986 1138 2050 duarum
1154 1985 1399 2051 collectionum

576 2102 617 2165 ab
631 2101 771 2166 Arevalo
786 2102 1042 2182 impressorum.

267 2316 364 2379 Haud
387 2316 536 2378 alienum
558 2333 578 2376 a
603 2333 638 2377 re
661 2333 733 2378 esse
754 2316 948 2394 putavimus
979 2316 1059 2377 huio
1095 2316 1270 2396 opusculo·
1285 2317 1404 2380 addere

228 2418 387 2495 quattuor
406 2413 536 2475 Indices
561 2415 619 2492 qui
647 2413 805 2476 lectorem
829 2414 1003 2475 remittant
1034 2413 1075 2475 ad
1107 2415 1221 2476 omnia
1245 2414 1404 2477 lemmata

227 2513 397 2595 publicata
423 2515 456 2573 et
479 2530 499 2573 a
520 2511 642 2573 Rothio
666 2514 700 2572 et
714 2528 744 2574 a.
765 2514 842 2573 1883
858 2528 878 2572 a
894 2510 1018 2573 Beokio
1036 2515 1068 2573 et
1078 2511 1124 2575 ab
1138 2507 1280 2575 Arevalo
1291 2511 1346 2592 (l).
1362 2506 1403 2559 ’-

227 2613 360 2674 Atenim
389 2612 461 2690 ipsa
489 2609 621 2672 Arevali
649 2610 748 2672 editio
775 2609 910 2689 praebet
938 2609 1091 2672 indicem.
1117 2646 1157 2655 -
1181 2613 1349 2686 Fatemur‚
1367 2616 1400 2674 et

228 2711 402 2790 copiosum
426 2709 571 2788 quidem,
597 2725 677 2771 eum
702 2709 840 2787 paginas
865 2709 996 2770 circitor
1021 2713 1158 2772 eentum
1178 2710 1344 2789 compleat
1364 2712 1400 2772 in

228 2807 295 2870 fine
324 2808 405 2868 tomi
434 2807 598 2868 LXXXIV
628 2807 805 2882 Migneani.
842 2809 1032 2868 Immensus
1058 2825 1137 2869 vero
1163 2808 1220 2869 ille
1250 2830 1263 2864 a
1294 2808 1400 2870 Index

227 2923 348 2969 rerum
369 2908 402 2966 et
425 2903 603 2966 verborum
628 2922 713 2984 quae
740 2906 991 2980 septemremis
1019 2905 1173 2967 editionis
1197 2922 1337 2984 operum
1364 2907 1397 2967 S.

228 3004 343 3067 Isidori
359 3004 576 3065 continentur
591 3023 606 3063 r
622 3004 692 3082 ipse
707 3020 843 3082 quoque
856 3003 966 3065 indice
979 3007 1061 3080 eget.
1096 3003 1159 3064 Sed
1173 3003 1400 3066 concedamus

228 3106 404 3164 strenuum
442 3101 600 3162 lectorem
634 3101 722 3162 mole
761 3117 978 3163 numerorum
1017 3101 1139 3164 instrui
1168 3119 1236 3163 non
1276 3099 1398 3178 obrui;

227 3203 355 3262 restant
378 3203 490 3261 tamen
513 3200 549 3260 in
574 3200 637 3260 hoc
662 3200 769 3279 operis
793 3199 983 3262 Arevaliani
1006 3199 1073 3261 fine
1090 3200 1171 3261 vitia
1186 3198 1310 3278 quihus
1325 3216 1398 3261 me-

227 3299 346 3372 delam,
376 3316 435 3378 pro
469 3301 562 3377 parte
593 3298 692 3372 virili,
723 3297 879 3360 adhibere
910 3316 978 3359 non
1004 3315 1292 3378 supervacaneum
1315 3300 1397 3360 est:

227 3398 368 3460 lacunas
392 3397 483 3458 enim
504 3394 602 3458 facile
627 3395 850 3475 deprehendas
875 3413 953 3458 oum
975 3396 1148 3476 plurimas,
1174 3397 1202 3459 si
1216 3396 1256 3458 de
1270 3397 1401 3458 minore

227 3495 497 3558 Differentiarum
525 3493 610 3555 libro
638 3495 747 3569 agitur
760 3493 813 3572 (2),
844 3497 916 3556 tum
941 3495 1042 3556 etiam
1069 3495 1158 3556 haud
1185 3511 1275 3556 raras
1305 3495 1332 3556 si
1360 3493 1401 3555 de

227 3593 414 3672 majore(3).
442 3593 547 3654 Index
575 3594 666 3654 enim
688 3592 906 3654 Arevalianus
932 3610 1000 3654 non
1025 3593 1123 3654 modo
1151 3593 1275 3654 omittit
1298 3591 1400 3654 verba

229 3710 325 3772 quae,
341 3695 462 3753 utnon
478 3692 513 3752 in
530 3692 648 3770 eapite,
664 3692 711 3752 ita
725 3694 837 3752 tamen
860 3692 895 3752 in
923 3709 1061 3771 corpore
1075 3692 1240 3753 lemmatis
1253 3690 1296 3771 (l)
1314 3689 1398 3752 deli-

258 3879 292 3941 (l)
308 3877 405 3941 Sylloge
419 3879 496 3939 major
509 3878 589 3940 (cujus
601 3877 694 3925 initium
709 3880 746 3926 est
759 3877 937 3940 interceptum
952 3881 977 3927 ei
992 3877 1069 3939 utile)
1084 3877 1223 3940 praeposita
1237 3880 1274 3924 est
1285 3876 1400 3925 inlimine

226 3949 503 3999 voluminisArevaliani
518 3950 649 4012 quintiani
665 3948 784 4012 Migneani
800 3948 941 4009 Lxxxlll;
964 3950 1042 3998 minor
1064 3954 1144 3997 autem
1168 3949 1251 4009 (Inter
1278 3947 1400 4011 polliceri

226 4025 251 4071 et
262 4020 429 4085 promittere)
440 4019 529 4083 legitur
541 4021 587 4069 sub
602 4021 649 4068 fine
662 4020 719 4069 tomi
734 4021 827 4082 septimi
843 4019 894 4082 (pp.
910 4020 956 4069 426
969 4022 1033 4084 sqq.)
1049 4019 1198 4079 Arevaliani,
1215 4023 1256 4069 sut
1271 4018 1396 4068 LXXXlll

149 4132 152 4139 .
226 4091 296 4154 (coll.
317 4091 377 4142 1319
392 4090 457 4154 sqq.)
472 4091 604 4156 Migneani.

258 4182 291 4244 (2)
306 4181 381 4229 Index
395 4180 554 4230 trevaliaous
566 4181 660 4242 omittit,
674 4181 778 4244 exempli
794 4182 881 4244 grotta,
903 4182 927 4230 in
952 4182 1028 4243 prims
1043 4180 1123 4230 media
1135 4181 1223 4244 pagina
1248 4180 1399 4230 Abducitur

226 4253 300 4316 (quod
315 4253 416 4301 verbum
432 4267 558 4315 perperam
571 4252 722 4302 Adduciiur
739 4254 845 4317 scripsit)
862 4258 885 4302 et
896 4254 1011 4316 Accipio.

227 4341 291 4462 Rtl)
306 4343 414 4391 Alterum
440 4347 532 4391 tantum
553 4343 656 4391 duorum
677 4343 815 4392 lemmatum
837 4344 920 4393 laudat
934 4344 1009 4393 ludex
1029 4344 1187 4393 Arevalianus
1209 4343 1239 4392 de
1254 4344 1352 4399 Nauio,
1368 4343 1400 4392 de

251 4415 291 4463 ino
306 4419 352 4463 ele.

226 4504 343 4626 30181),ἓὲ
362 4505 467 4569 exempli
482 4506 560 4569 gratis
577 4505 680 4568 plurima
694 4506 769 4554 verba
794 4507 818 4554 in
838 4508 928 4568 majore
943 4507 1084 4555 collectione
1103 4511 1242 4556 enumerata
1259 4505 1305 4555 sub
1317 4509 1342 4566 ἐξ
1357 4506 1398 4572 99,

226 4607 230 4617 -
274 4589 309 4639 ‚a
344 4613 350 4624 .
