3256 5460
666 1334 872 1430 INDEX
921 1336 964 1428 ll

368 1578 794 1642 MONTEPESSULANAE
831 1579 1049 1641 SYLLOGAE
1080 1577 1257 1640 MAGNAE

266 1695 564 1757 Dirrnnsurrnnuu
601 1696 734 1758 DLXIX
773 1697 817 1777 (l)
853 1715 875 1757 a
910 1697 1034 1759 Baou1o
1072 1713 1162 1758 nuno
1203 1697 1279 1757 1883
1304 1692 1355 1775 (t)

731 1813 885 1874 EDITAE

412 1964 415 1969 >
457 1945 558 2008 quarn
571 1929 731 2008 praebent
745 1928 825 1991 solia
840 1927 929 1993 itt-58
945 1945 1039 1990 verso
1054 1927 1178 1990 codicis

550 2044 934 2116 llONTEPESSULANl
956 2044 986 2104 H
1009 2046 1066 2105 306

712 2179 772 2223 SUB
793 2177 911 2222 TITULO

229 2419 244 2449 «
261 2393 435 2473 Incipiunt
447 2392 662 2455 differentiae
677 2392 844 2455 similium
857 2391 1024 2455 orationis
1039 2391 1219 2470 partiuma
1237 2389 1397 2455 Cicerone

334 2498 368 2554 et
383 2491 424 2554 ab
447 2491 525 2553 aliis
540 2491 752 2571 sapientibus
765 2491 853 2554 viris
874 2492 909 2553 in
924 2507 1027 2553 sensu
1043 2496 1078 2554 et
1092 2489 1291 2552 litteratura

638 2606 699 2669 per
719 2589 947 2669 alphabetum.
967 2614 981 2645 »

267 2989 412 3050 Numeri
431 2985 510 3045 serti
539 2987 641 3045 iidem
655 2998 738 3058 quos
766 2989 908 3047 Baebius
930 2988 1004 3046 sitis
1031 2985 1193 3060 ascripsit
1219 2987 1393 3060 moretoi-

230 3089 301 3146 bns.
318 3119 357 3128 -
384 3087 414 3145 A
430 3086 574 3158 stimulis
598 3083 721 3143 litteris
744 3085 932 3145 initialibus
959 3084 1125 3159 incipiuni
1148 3087 1256 3145 series
1282 3087 1399 3160 siamt-

230 3189 283 3245 iae
295 3197 519 3245 nrrmeroruoi
535 3180 628 3259 (3).-
643 3180 766 3242 Littera
780 3198 801 3241 r
813 3179 1027 3256 designamus
1044 3181 1202 3242 lemmata
1216 3179 1256 3242 de
1272 3180 1399 3260 quibus

230 3282 377 3344 Riiebitts
389 3281 455 3356 egit
468 3279 516 3361 (v,
534 3295 635 3358 supra
650 3281 778 3357 partem
792 3276 1113 3359 bibliographieam).

809 3443 834 3501 A

231 3551 381 3631 abjectus
396 3548 566 3629 projeetus
583 3549 601 3608 i

230 3646 486 3712 abitushebitus
503 3649 531 3708 8.
555 3645 596 3719 (r.
624 3648 680 3706 129
697 3642 736 3722 s).

231 3748 393 3824 abrogans
408 3745 569 3820 adrogans
584 3742 749 3823 superbus
765 3742 933 3818 gloriosus
949 3743 1102 3808 insolens
1117 3749 1133 3805 l

231 3844 447 3909 absconditus
463 3841 650 3905 absconsus
666 3846 679 3903 l
844 3828 846 3833 ⁴

230 3944 438 4007 absinthium
453 3941 644 4002 absentium
658 3945 672 4000 7

230 4042 405 4104 absolutus
419 4040 580 4100 dimissus
598 4042 613 4098 o

260 4229 293 4288 (1)
312 4229 507 4278 Annumerarnus
522 4225 586 4272 enim
599 4225 644 4272 tria
659 4224 772 4271 lemmata
784 4237 846 4285 quae
859 4220 965 4272 besilius
980 4227 1050 4273 vocat
1064 4224 1084 4271 Α
1097 4223 1127 4271 55
1140 4222 1163 4284 b,
1177 4223 1196 4272 L
1211 4223 1241 4272 16
1254 4225 1277 4284 b,
1293 4223 1312 4271 P
1324 4223 1355 4273 24
1369 4225 1395 4274 b.
1438 4191 1441 4197 Ι

258 4326 293 4390 (2)
307 4326 334 4373 ln
346 4324 513 4372 dissertatione
528 4321 645 4384 inscripta
661 4322 697 4369 De
714 4321 934 4385 Differentiarum
950 4321 1110 4384 scriptoribus
1129 4322 1211 4371 latinis
1227 4338 1268 4386 pp.
1284 4321 1391 4373 28-90.

257 4425 291 4489 (3)
309 4424 390 4485 ltaque
405 4437 429 4469 e.
447 4435 471 4481 g.
484 4421 525 4482 qui
541 4421 565 4467 in
583 4419 627 4468 boc
643 4421 722 4469 indice
750 4420 864 4483 legerit«
880 4434 966 4470 avena
985 4418 1102 4469 habenae
1115 4425 1127 4468 i
1133 4428 1160 4470 15
1176 4436 1190 4469 r>
1204 4420 1323 4484 intelliget
1338 4421 1392 4470 Dil-

226 4496 351 4545 ferentiam
378 4493 444 4540 illam
463 4491 619 4539 centesimum
649 4492 760 4554 quintum
780 4492 900 4540 decimum
915 4493 1024 4541 obtinere
1041 4493 1120 4540 locum
1140 4493 1167 4540 in
1185 4493 1252 4540 serie
1266 4495 1287 4541 A
1303 4508 1309 4554 ;
1325 4519 1356 4530 ·-
1371 4495 1393 4542 si

225 4568 279 4632 quis
294 4565 379 4627 legerit
394 4583 405 4607 a
422 4563 545 4612 decretum
560 4562 664 4610 edietum
680 4563 696 4612 9
711 4583 732 4624 n,
749 4564 857 4626 requiret
875 4563 1027 4612 numerum9
1042 4563 1166 4611 subtitulo
1182 4563 1304 4612 Beekiuno
1320 4564 1351 4615 D.
