3256 5460
696 1345 865 1441 PARS
917 1345 938 1436 Ι

494 1555 777 1676 rnosrncrns
808 1605 1130 1688 Qunusuouuu

269 2136 356 2197 Pius
372 2136 413 2196 ΙΙ.
433 2167 471 2178 —
495 2134 581 2197 Pnns
600 2149 875 2196 nrsnroonnrmcc
883 2179 1271 2199 ....................
1359 2139 1397 2200 19

270 2322 358 2382 Psus
373 2321 433 2381 ΙΙΙ.
452 2352 487 2363 -
502 2319 552 2381 Du
567 2320 780 2382 En1r1ou1sus
793 2337 880 2381 uteru
895 2337 937 2380 nn
950 2337 1166 2382 rnornrnrtrr
1179 2301 1349 2383 srenouuu

656 2451 696 2496 ur
718 2451 761 2496 nn
782 2435 967 2498 Conrclnus

228 2624 287 2696 si.
304 2657 341 2668 —
357 2627 439 2685 Rem
460 2625 685 2697 attrectatur
698 2638 720 2684 a
734 2625 821 2684 virts
838 2624 1043 2685 docttsstmts
1057 2624 1298 2697 perturbatam
1312 2645 1324 2687 .·

309 2724 337 2781 t.
354 2754 394 2765 —
407 2721 610 2782 Erraverunt
630 2719 693 2799 ipsi
713 2719 855 2782 Rothius
874 2723 907 2781 ct
923 2721 1145 2800 Hagenius(i)
1160 2720 1200 2782 de
1209 2721 1278 2784 his-

348 2818 432 2880 toria
446 2818 631 2881 editionum
645 2816 916 2879 Differentiamm
931 2822 1121 2881 nostrarum
1129 2864 1273 2883 ........
1361 2822 1397 2883 nt

309 2921 336 2978 2.
365 2916 595 2980 -Fabricius
623 2916 742 2980 misere
772 2915 949 2979 confundit
975 2917 1135 2980 editiones
1167 2923 1279 2994 Disse-

237 3033 238 3036 ’
255 3035 269 3052 ‘-
347 3019 542 3079 recitarem
557 3018 590 3077 et
608 3018 882 3090 synonymorum
887 3059 1272 3082 ....................
1360 3021 1397 3081 28

310 3117 337 3176 3.
355 3147 393 3160 —
406 3114 568 3176 Arevalus
584 3113 726 3177 Fabricii
742 3113 909 3177 erroribus
924 3114 1044 3176 menda
1065 3132 1127 3177 sua
1149 3116 1272 3179 addit..
1358 3117 1398 3179 29

309 3217 337 3274 t.
353 3212 455 3278 -JDe
469 3212 597 3292 aliquot
610 3211 824 3275 obscuritatis
836 3213 948 3276 causis
963 3212 1087 3292 quibus
1102 3215 1280 3294 impeditur
1303 3253 1304 3257 =

347 3311 486 3373 historia
499 3311 621 3373 harum
640 3310 833 3373 editionum.
845 3361 851 3373 .
865 3349 871 3372 .
885 3358 891 3372 .
904 3355 912 3372 .
924 3341 932 3373 t
944 3360 952 3375 .
965 3326 1012 3374 ...
1025 3356 1251 3377 ............
1264 3358 1272 3375 .
1317 3351 1319 3368 2
1360 3315 1397 3378 30

228 3417 247 3482 i
258 3410 304 3480 11.
320 3443 359 3454 -
373 3414 408 3472 X
412 3411 447 3469 Vi
460 3413 591 3472 saecuti
601 3411 763 3473 editiones
776 3412 998 3472 recenseatur
1009 3425 1096 3486 qaae
1109 3415 1278 3474 siccabat

407 3510 577 3572 meottone
585 3510 780 3583 publicatae
794 3511 872 3571 suat
885 3527 897 3571 :

308 3609 337 3666 t.
354 3639 391 3650 -
407 3606 455 3667 De
469 3605 613 3667 editione
627 3605 775 3667 Zelliana
780 3650 1273 3671 .........................
1361 3610 1394 3670 31

309 3707 337 3765 2.
355 3738 391 3748 —
407 3703 455 3765 De
468 3703 565 3764 titulo
587 3704 727 3783 paginae
742 3703 926 3765 Orcliianac
948 3706 982 3765 et
1003 3703 1043 3766 de
1063 3705 1281 3784 inscriptione

349 3819 416 3882 qua
430 3803 547 3882 incipit
565 3801 664 3864 editio
679 3802 825 3864 Zelliana
845 3847 1273 3869 ......................
1363 3807 1399 3869 32

310 3904 337 3964 3.
354 3936 390 3945 -
407 3900 580 3971 Quodnam
592 3900 715 3963 codicis
725 3917 832 3977 genus
842 3901 965 3964 Zellius
976 3903 1064 3982 typis
1073 3901 1279 3965 mandaverit

348 3999 536 4079 exquiritur
543 4044 1274 4071 .....................................
1361 4002 1399 4065 34

260 4215 293 4278 (1)
309 4213 429 4262 Vitandac
446 4213 605 4261 obscuritatis
629 4226 712 4274 causa,
737 4213 761 4260 in
776 4211 850 4260 latino
873 4213 972 4275 quidem
986 4214 1113 4274 opusculo,
1129 4213 1286 4263 scribendum
1309 4218 1347 4263 esi
1358 4218 1400 4264 sut

227 4285 317 4349 ubique
332 4283 443 4336 Carolus
457 4283 534 4342 nott,
556 4282 682 4332 Ceratum
704 4282 782 4344 Roth,
800 4282 888 4332 Caroli
903 4282 980 4345 nott,
995 4283 1089 4333 Garolo
1104 4283 1181 4342 nott,
1195 4288 1219 4332 et
1230 4285 1399 4336 Hermannuc

226 4355 326 4420 Harpen,
343 4357 524 4406 Hermannum
539 4355 638 4418 Hapen,
654 4354 800 4403 Hermanm’
818 4356 918 4419 Hapen,
935 4355 1085 4404 Hermanno
1106 4355 1195 4420 Hapen
1212 4356 1286 4420 (quod
1301 4356 1399 4420 longum

226 4429 272 4492 est)
302 4432 343 4477 aut
370 4427 488 4484 liutbtus,
505 4452 536 4462 -
556 4426 622 4489 ium,
643 4453 672 4461 -
695 4427 724 4484 ii,
741 4453 770 4462 -
793 4425 818 4473 io
839 4430 864 4474 et
883 4425 1029 4489 Hapent'us,
1052 4427 1160 4487 -ium,
1176 4428 1246 4488 -ii,
1271 4430 1353 4478 -io.
1373 4428 1399 4478 Si

226 4504 307 4548 autem
322 4499 353 4548 de
376 4497 517 4547 nominibus
532 4497 611 4545 minus
626 4497 689 4546 notis
709 4497 833 4546 interdum
847 4500 941 4560 agetur,
958 4497 1056 4546 sormam
1075 4498 1205 4561 genuinam
1218 4504 1241 4550 et
1254 4499 1330 4550 latina
1344 4505 1398 4550 ter-

227 4569 358 4620 minatione
372 4569 512 4633 expeditam
525 4568 604 4617 obiter
619 4568 789 4619 indicabimus.
