3256 5460
234 565 272 627 88
442 579 483 623 DE
506 578 601 677 meno
622 577 661 620 DE
670 574 872 620 enormiorem
886 575 1045 620 SERMONUM
1067 577 1146 635 PARS
1169 577 1201 620 lv

275 747 391 811 DLIII.
408 750 500 811 Inter
510 748 775 822 temperantiam
789 747 822 808 ei
837 746 1117 822 temperationem
1132 746 1180 809 sic
1195 745 1408 822 discernitur,

236 849 275 909 ut
290 846 510 927 temperantia
524 845 715 908 animorum
731 843 785 918 sit,
803 844 997 924 temperatio
1012 861 1135 907 rernm.

819 1021 837 1068 0

280 1143 329 1203 87.
359 1143 626 1214 interprimunt
654 1141 687 1200 00
705 1141 861 1214 priorem
885 1137 948 1200 hoe
974 1138 1112 1201 Interest
1136 1139 1225 1218 quod
1246 1140 1376 1220 primus
1395 1158 1414 1203 e

240 1239 367 1315 muItIs,
388 1239 478 1319 prior
500 1256 541 1300 ex
563 1236 704 1300 duobus.
730 1237 785 1298 Sic
805 1236 893 1298 inter
913 1240 1120 1317 postremum
1141 1239 1175 1299 00
1195 1239 1412 1317 posteriorem

240 1335 444 1400 observabis.

283 1435 465 1498 CCCCXLI.
483 1437 575 1496 Inter
585 1437 740 1511 primum
759 1435 793 1495 et
807 1437 974 1508 priorem.
994 1433 1124 1495 Primus
1143 1451 1162 1495 0
1179 1433 1308 1510 multis,
1325 1435 1416 1515 prior

242 1532 414 1608 eduobus‚
431 1533 608 1612 primarius
623 1549 642 1594 a
656 1531 826 1608 dignitate.

816 1698 838 1754 it

285 1833 333 1892 59.
359 1832 450 1892 Inter
470 1832 688 1890 simularent
712 1832 933 1890 dissimulare
953 1829 1017 1890 hoc
1037 1828 1174 1889 interest
1193 1828 1283 1907 quod
1306 1829 1415 1891 simu-

245 1928 354 1989 lemus
370 1926 459 2005 quod
475 1926 655 1999 nescimus,
672 1926 922 1988 dissimulamus
939 1943 1025 2005 quae
1040 1925 1166 1987 scimus
1176 1924 1232 2005 (1).

285 2025 399 2087 DXLI.
416 2027 507 2086 Inter
520 2028 687 2086 simulare
701 2026 733 2085 et
747 2028 975 2087 dissimulare.
994 2024 1056 2094 Qui
1071 2023 1208 2085 simulat
1221 2024 1296 2085 vuit
1314 2025 1418 2087 videri

245 2121 353 2185 iacere
379 2139 466 2201 quae
490 2140 558 2184 non
580 2120 674 2196 facit,
699 2122 757 2201 qui
780 2122 970 2184 dissimulat
992 2139 1060 2183 non
1085 2120 1160 2207 vuit
1183 2121 1286 2183 videri
1309 2121 1420 2185 facere

248 2239 334 2302 quae
348 2219 439 2283 i'acit.

819 2345 840 2390 v

290 2466 337 2525 oo.
355 2465 446 2524 Inter
468 2462 644 2524 adversum
668 2466 700 2523 00
721 2462 879 2524 adversus
898 2463 963 2524 hoc
984 2463 1122 2525 interest
1137 2463 1226 2542 quod
1240 2463 1421 2525 adversum

250 2565 283 2624 00
305 2560 528 2635 adversarius
555 2560 714 2623 adversus
736 2562 768 2621 00
795 2560 942 2623 imitator
970 2560 1131 2645 (mutator
1158 2565 1331 2624 Arevotae
1362 2566 1421 2637 oui

250 2663 365 2722 tomen
380 2664 451 2732 ipse
462 2660 651 2733 scripserat
667 2660 759 2722 recte
774 2662 899 2722 remma
914 2664 1001 2735 ottod
1015 2656 1276 2735 supponemus).

291 2759 410 2820 XXIX.
428 2759 518 2818 Inter
538 2757 714 2819 adversum
729 2759 808 2820 teet
824 2757 983 2820 adversus
998 2760 1041 2819 00.
1056 2758 1241 2820 Adversum
1256 2759 1288 2819 te
1301 2757 1421 2820 adver-

253 2857 371 2927 sarius,
388 2855 547 2918 adversus
562 2859 594 2917 00
608 2856 765 2918 imitator.

823 2989 851 3034 w

294 3110 341 3168 oi.
368 3108 457 3167 luter
480 3121 644 3168 acervom
667 3108 700 3167 et
722 3111 882 3168 acerbum
906 3107 971 3168 hoc
998 3107 1138 3168 interest
1166 3106 1255 3185 quod
1283 3123 1425 3170 acervus

254 3205 359 3267 moles
374 3206 435 3279 est,
452 3202 592 3266 acerbus
607 3205 808 3266 immaturus
823 3208 856 3266 et
870 3221 976 3284 asper.

244 3359 248 3363 .
295 3303 412 3365 XLIII.
429 3294 531 3364 'Inter
556 3307 717 3364 00000000
748 3304 781 3364 00
808 3318 982 3366 acernum.
1014 3305 1164 3365 Acervus
1188 3319 1246 3382 per
1271 3301 1355 3364 duas
1383 3320 1426 3366 cv

256 3399 413 3464 scrIbitur
430 3402 464 3461 et
481 3398 649 3476 significat
665 3400 799 3462 molem.
828 3399 977 3463 Acerbus
994 3417 1052 3481 per
1066 3404 1084 3462 tr
1099 3401 1243 3481 scriptus
1260 3399 1429 3477 significat

255 3500 484 3561 immaturum.

828 3623 849 3680 ii

298 3740 584 3815 210.1nterparet
603 3741 636 3800 et
654 3740 801 3816 apparet
818 3739 882 3801 hoc
899 3739 1037 3802 interest
1052 3739 1141 3818 quod
1163 3741 1255 3818 paret
1276 3739 1427 3818 imperio,

258 3840 393 3919 apparet
406 3835 596 3899 videntibus
613 3837 661 3917 [0).

297 3938 416 4000 XXXI.
447 3938 538 4005 Inter
565 3938 710 4010 apparet
738 3938 772 3997 et
797 3936 898 4012 peret
935 3933 1011 4013 izit,
1050 3934 1184 4014 adparet
1218 3938 1251 3997 et
1282 3937 1429 4016 apparet]

262 4037 406 4116 Apparet
435 4035 512 4113 int,
539 4033 684 4112 adparet]
714 4033 773 4112 qui
800 4033 940 4104 videtur,
971 4036 1064 4112 paret
1094 4033 1172 4111 int,
1196 4034 1341 4113 apparet]
1371 4034 1431 4114 qui

289 4240 323 4300 ti)
340 4239 536 4290 Additamentum
551 4240 577 4288 00
590 4253 718 4303 0000000000
731 4253 778 4288 nos
791 4238 866 4297 00000,
881 4238 944 4286 iuter
959 4237 1083 4300 archetypi
1096 4251 1183 4286 versus
1196 4237 1326 4297 insertum,
1342 4238 1433 4289 cecidit

259 4313 363 4364 feliciter
387 4316 442 4374 0000
464 4311 561 4360 scimus
580 4311 614 4374 (iu
636 4308 772 4371 dedicati),
791 4315 815 4360 00
835 4310 917 4373 000000
941 4313 997 4372 0000
1017 4309 1146 4358 nescimus
1162 4309 1271 4372 (iu'IIM,
1286 4323 1317 4358 ue
1332 4309 1432 4360 codices

259 4385 367 4447 reliquos
381 4383 421 4431 iric
434 4383 605 4444 nominemus).
622 4381 736 4431 Ceterum
750 4380 832 4429 nullus
844 4382 921 4430 codex
936 4381 1022 4430 scribii
1045 4383 1070 4430 et
1088 4393 1215 4445 nepamus
1234 4381 1333 4431 nescire
1344 4397 1354 4436 ‚·
1368 4394 1432 4443 quae

259 4455 335 4504 verba
349 4454 413 4517 apud
428 4454 557 4501 arevalum
572 4452 693 4516 leguntur,
707 4452 782 4500 invita
797 4450 903 4513 syntaxi.
916 4451 1038 4514 Hagenius
1048 4451 1108 4500 mira
1120 4451 1184 4500 edii.

291 4553 324 4616 (2)
336 4553 400 4605 Mira
414 4552 465 4601 edit
477 4551 621 4602 Thewrcwk
636 4551 666 4600 de
681 4551 764 4602 Ponor
777 4549 808 4599 de
819 4553 936 4615 peretot
947 4554 1042 4614 parret
1056 4549 1121 4612 (sic).
