3256 5460
498 615 547 661 ns
569 615 783 665 nnrrrorusus
797 617 837 664 nr
860 619 902 665 nn
924 620 1106 669 conrcmns.
1361 611 1392 672 ol

226 805 324 863 sane;
339 787 396 851 sod
412 805 454 850 ne
467 789 631 869 promissa
645 788 779 869 quidem
793 794 949 870 praestat,
962 795 1046 856 teste
1055 795 1197 858 Arevalo
1210 796 1268 876 qui
1279 797 1397 860 Ulloae

225 886 289 949 hoc
304 886 457 949 concedit
474 906 480 948 :

266 1005 282 1046 ‹
300 986 420 1048 Omnia
435 985 551 1049 Isidori
566 1003 665 1066 opera
680 1002 767 1066 quae
780 1003 800 1048 a
814 986 938 1051 Grialio
953 989 1040 1052 edita
1050 975 1141 1067 sunt,
1154 992 1270 1056 eodem
1283 993 1399 1057 ordine

226 1083 411 1164 iisdemque
426 1086 564 1165 omnino
580 1085 679 1158 notis,
697 1083 869 1162 nullisque
885 1085 959 1149 aliis
974 1089 1071 1151 novis
1085 1088 1363 1172 recuduntur(l).
1385 1113 1398 1147 l

267 1183 330 1245 Sed
344 1200 462 1246 rursus
477 1183 560 1265 haec
574 1182 664 1245 addit
679 1201 687 1246 :

269 1283 346 1342 ‹-In
362 1281 541 1344 editionem
557 1281 669 1344 Grialii
685 1301 753 1346 non
769 1304 877 1367 pauca
891 1287 1091 1365 irrepserant
1105 1286 1226 1349 menda
1243 1305 1250 1348 :
1267 1271 1410 1350 territam¹
1424 1282 1440 1349 l

227 1383 422 1443 correctum
446 1383 514 1455 soit
540 1384 577 1442 ta
601 1384 665 1442 troc
689 1386 801 1448 attera
814 1390 959 1449 editione
977 1387 1161 1448 recentiort
1176 1388 1373 1449 Matriteast
1387 1405 1400 1449 .·

222 1482 330 1554 plura
352 1494 413 1540 uec
435 1482 524 1541 teoto
552 1469 687 1555 adjecta
716 1483 851 1565 surm)
865 1507 894 1543 ».
915 1515 950 1529 -
969 1483 1118 1553 01101‘11111
1133 1484 1284 1566 exempla
1300 1482 1401 1546 refert

227 1576 401 1639 Arevalus.
813 1625 815 1630 .

251 1675 389 1736 'Mirum
399 1676 500 1752 igitur
509 1680 560 1740 est
570 1680 659 1757 quod
669 1680 710 1741 Dr
720 1680 894 1743 Proussius
905 1678 1095 1755 catalogum
1105 1695 1207 1740 snum
1216 1678 1399 1742 editionum

228 1772 344 1835 Isidori
360 1774 568 1855 Hispalensis
582 1775 624 1839 ab
639 1767 783 1840 Ulloana
796 1777 931 1840 demum
946 1777 1074 1856 incipit.
1091 1777 1224 1839 Etenim
1245 1778 1280 1838 in
1303 1776 1401 1839 titulo

229 1869 362 1950 quidem
376 1887 438 1934 suo
453 1870 623 1952 professus
645 1878 746 1938 estse
770 1893 827 1939 eos
852 1877 985 1937 tantum
1011 1872 1113 1936 libros
1133 1891 1329 1937 enumerare
1344 1875 1402 1954 qui

228 1973 310 2033 sunt
334 1987 424 2032 anno
448 1975 524 2034 1700
550 1974 761 2036 recentiores.
785 1974 1001 2053 Antiquiores
1025 1975 1137 2035 tamen
1161 1972 1323 2037 editiones
1343 1973 1400 2035 de·

229 2067 345 2131 scribit
373 2068 541 2131 interdum
565 2071 616 2132 vir
631 2072 782 2148 egregius
797 2090 804 2132 ε
821 2072 878 2145 ita,
895 2089 923 2133 e.
944 2088 976 2148 g.
994 2069 1039 2151 (p.
1058 2070 1120 2150 25),
1143 2068 1218 2134 fuse
1240 2073 1403 2134 memorat

229 2167 437 2230 collectionis
463 2168 685 2232 Putschianae
708 2169 848 2246 longum
872 2169 1010 2231 titulum
1025 2189 1042 2228 c
1059 2173 1088 2231 l.
1106 2169 1278 2232 Hanoviae
1296 2170 1397 2233 loos.

229 2265 309 2346 Typ.
328 2265 554 2328 Wechelianis
568 2283 621 2347 ap.
640 2266 752 2329 Claud.
770 2267 939 2328 Marnium
952 2269 986 2328 et
999 2265 1135 2329 heredes
1149 2267 1170 2328 J
1172 2284 1222 2329 oa.
1237 2267 1366 2330 Aubrii.
1384 2287 1399 2329 ›

230 2365 398 2438 Attamen,
434 2367 513 2426 ante
547 2363 818 2427 Lindemannum
845 2382 884 2427 ac
913 2366 1107 2445 praesertim
1134 2368 1213 2427 ante
1240 2366 1400 2440 Keilium,

231 2461 411 2524 Putschius
426 2465 555 2542 poterat
570 2464 679 2525 omitti
693 2464 815 2526 melius
831 2480 945 2543 quam,
958 2467 1037 2526 ante
1051 2463 1196 2534 Ulloam,
1219 2465 1319 2526 ceteri
1332 2463 1401 2526 edi-

231 2563 318 2622 tores
332 2559 449 2622 Isidori
464 2563 498 2623 et
512 2561 636 2640 priores
647 2564 680 2623 et
691 2563 846 2642 potiores,
861 2562 1068 2638 Margarinus
1080 2577 1119 2623 ac
1132 2561 1287 2624 Breulius
1301 2565 1403 2640 atque

136 2724 141 2733 ¹
229 2656 299 2737 ipse
313 2657 456 2720 Grialius
471 2658 570 2738 cujus
585 2675 670 2738 opus
682 2659 780 2721 Ulloa
794 2658 924 2721 mendis
939 2662 1072 2721 tantum
1085 2659 1218 2720 ornavit
1233 2659 1344 2721 novis.

269 2754 435 2835 Quidquid
447 2755 480 2817 id
492 2759 552 2831 est,
572 2757 655 2819 nihil
669 2757 778 2820 bonae
788 2757 893 2834 frugis
904 2757 1001 2820 nobis
1012 2757 1129 2819 afferre
1137 2760 1246 2836 potest
1260 2757 1403 2822 Ulloana

230 2856 442 2936 transcriptio
452 2855 639 2919 Grialianae
649 2873 736 2936 quae
749 2857 822 2936 ipsa
832 2857 1045 2936 transcriptio
1060 2859 1130 2918 erat
1141 2857 1404 2933 Margarinianae

230 2953 396 3029 editionis,
425 2957 465 3015 ut
492 2953 639 3017 diximus
651 2954 709 3036 (3),
738 2957 766 3018 si
789 2954 829 3017 de
855 2955 968 3018 libello
992 2957 1124 3017 tantum
1146 2958 1261 3017 nostro
1281 2957 1402 3033 agitur.

230 3052 348 3132 Neque
362 3062 430 3114 tam
444 3052 501 3114 diu
516 3053 660 3117 Ulloana
676 3054 734 3116 illa
749 3070 811 3117 nos
825 3053 1032 3130 detinuisset,
1049 3053 1114 3116 nisi
1130 3051 1226 3116 nohis
1241 3054 1275 3116 in
1291 3055 1404 3116 animo

231 3147 350 3213 fuisset
363 3149 554 3228 catalogum
568 3152 722 3231 supplere
737 3152 882 3214 Proussii
897 3150 1051 3236 ἀκέφαλον.

332 3411 454 3483 svm.
475 3445 511 3455 —
529 3408 608 3471 ΧΙΧΙ
624 3407 753 3472 saeculi
769 3408 874 3472 editio
889 3407 944 3471 vel
960 3408 1074 3488 potius
1089 3407 1305 3488 apographon

715 3529 923 3590 recensetur.

272 3740 489 3804 XXV111⁸¹¹¹
516 3739 660 3819 donique
688 3743 721 3802 et
748 3732 902 3801 ultimam
930 3738 1073 3816 longiori
1101 3739 1253 3816 catalogo
1292 3743 1406 3802 nostro

236 3838 441 3904 ascribemus
455 3838 634 3900 editionem
649 3838 781 3900 Arevali
795 3837 894 3918 cujus
912 3855 953 3899 en
971 3837 1090 3899 titulus
1108 3856 1114 3899 :

278 3963 291 3996 a
317 3939 351 4000 S.
367 3936 484 4000 Isidori
494 3935 702 4016 Hispalensis
714 3936 868 4016 Episcopi
880 3935 985 4015 Opera
995 3935 1119 4011 omnia,
1135 3934 1245 3997 denuo
1260 3937 1408 3998 correcta

237 4039 271 4099 et
283 4038 394 4111 aucta,
411 4037 605 4098 recensente
616 4035 777 4097 Faustino
792 4033 946 4109 Arevalo,
959 4033 1018 4113 qui
1028 4032 1210 4096 isidoriana
1226 4034 1407 4113 praemisit,

238 4135 407 4197 variorum
421 4131 653 4215 praelationes,
677 4135 784 4207 notas,
810 4131 1006 4194 collationes
1021 4148 1089 4211 qua
1103 4131 1217 4206 editaS,
1235 4148 1301 4210 qua
1317 4148 1408 4193 nunc

238 4233 384 4313 primum
412 4230 555 4295 edendas
583 4230 727 4307 collegit,
757 4233 885 4292 veteres
913 4229 1074 4291 editiones
1097 4232 1130 4291 et
1153 4227 1283 4291 codices
1305 4245 1409 4291 manu

269 4423 304 4484 (1)
320 4423 392 4471 Ares.
408 4418 425 4470 l.
443 4419 459 4469 l.
475 4433 499 4482 p.
514 4417 569 4469 287.

269 4512 305 4577 (2)
317 4512 392 4563 Arev.
407 4508 423 4559 l.
441 4508 457 4559 l.
471 4522 498 4571 p.
516 4506 571 4558 290.

270 4600 305 4666 (3)
318 4600 398 4664 Supra
412 4613 437 4663 p.
450 4596 491 4660 lo,
507 4610 548 4647 un.
563 4595 587 4645 l.
