3256 5460
678 554 723 601 66
741 553 955 602 7667676666.
1363 542 1400 601 79

229 725 350 788 6667776
365 724 612 805 respondentes.
630 727 692 797 Qui
718 726 908 789 Arevaiiani
923 728 1014 797 sunt,
1038 726 1186 807 exceptis
1202 728 1335 789 tantum
1348 727 1401 789 his

229 822 335 886 tribus
351 843 358 886 :
376 827 488 895 571776,
504 828 541 887 75
558 826 726 888 77667196
742 829 802 887 bis.

267 922 400 985 Etenim
413 923 536 985 lemma
553 922 687 1002 quidem
711 927 866 987 nostrum
881 927 918 986 75
934 928 983 986 bic
1005 924 1097 986 76776
1121 926 1255 986 tantum
1267 925 1400 1005 scriptis

227 1021 348 1099 legitur
362 1038 448 1101 quae
460 1020 620 1103 praebent
633 1038 791 1100 magnam
805 1023 962 1085 lacunam
977 1023 1149 1102 archetypi
1163 1024 1355 1086 communis
1369 1025 1403 1084 67

227 1119 357 1181 11667176
379 1122 412 1181 67
435 1120 585 1196 Hagenio
599 1123 633 1182 et
656 1118 790 1182 Beckio.
819 1119 883 1182 Sed
897 1124 1012 1182 utrum
1024 1119 1081 1181 ille
1104 1118 1270 1182 additione
1284 1118 1399 1182 subdi-

228 1218 306 1281 ticia
333 1218 522 1299 culpandus
547 1219 591 1280 sit
604 1236 647 1280 an
663 1218 870 1298 reliquorum
884 1217 1012 1280 abavus
1027 1219 1218 1294 omissione,
1234 1219 1269 1279 in
1289 1217 1397 1280 medio

228 1321 388 1392 maneret,
403 1318 468 1378 nisi
483 1316 606 1379 lemma
635 1317 673 1378 75
695 1320 744 1378 bia
766 1320 920 1379 nostrum
944 1315 1107 1379 obtineret
1131 1316 1245 1378 locum
1259 1317 1399 1378 minime

227 1415 377 1495 ineptum
391 1416 426 1477 in
442 1432 481 1477 ca
493 1415 576 1477 serie
591 1413 800 1495 alphabetica
810 1413 851 1476 de
865 1432 933 1494 qua
946 1432 1026 1476 mox
1041 1413 1266 1496 disseremus(
1286 1414 1309 1494 ).

267 1514 421 1575 Ceterum
446 1530 617 1593 perperam
640 1514 791 1589 Migneus
820 1514 1084 1598 annotationem¹
1100 1513 1260 1593 imprimit
1285 1514 1398 1576 hanc:

229 1615 310 1673 776.
327 1613 366 1673 16
380 1612 455 1673 Vat.
480 1615 536 1674 671
554 1612 707 1691 sequitur
729 1631 735 1673 :
762 1615 858 1675 lator
873 1628 1007 1674 ozerum
1030 1613 1063 1674 et
1084 1614 1256 1674 morotum
1271 1614 1332 1674 766
1349 1616 1399 1674 76-

227 1711 332 1772 766667
357 1714 445 1786 quod
474 1725 620 1772 merum.
645 1729 660 1771 7
690 1711 833 1784 Etenim,
850 1710 936 1771 inter
950 1709 1108 1772 lemmata
1123 1713 1159 1771 75
1173 1713 1207 1771 67
1227 1713 1276 1780 77,
1293 1708 1399 1771 codex

228 1810 340 1870 noster
364 1810 402 1885 R,
420 1809 478 1888 qni
492 1809 563 1888 ipse
584 1812 635 1870 667
648 1809 723 1871 Vat.
742 1811 812 1884 677,
828 1806 963 1888 praebet
986 1809 1090 1870 haec:
1119 1810 1397 1870 «intermarana

227 1907 258 1968 67
272 1909 444 1969 morotum
452 1910 513 1970 7766
523 1909 662 1968 interest
674 1911 762 1981 quod
769 1921 904 1968 merum
911 1921 975 1980 per
983 1922 1020 1968 66
1033 1907 1208 1967 meretum
1217 1906 1397 1966 7777676777.»

227 2005 380 2075 Quocum
394 2005 493 2085 piane
508 2005 725 2067 consentiunt
739 2004 1032 2084 Montepcssulana
1045 2004 1203 2065 lemmata
1217 2021 1258 2064 ex
1274 2001 1399 2082 quibus

227 2104 371 2165 alterum
385 2102 450 2164 fnit
464 2121 484 2166 6
497 2103 620 2167 Beckio
635 2104 736 2183 (7881)
757 2102 979 2183 publicatum,
996 2102 1138 2164 61767676
1152 2100 1194 2164 ab
1222 2101 1353 2163 Handio
1368 2105 1401 2164 67

227 2201 312 2264 171776
340 2203 501 2282 inscripto
526 2205 711 2278 Cataiopue
732 2206 790 2264 dec
812 2200 1071 2276 reportemus
1085 2199 1211 2263 editum
1231 2199 1289 2280 (7).
1308 2199 1401 2270 Quod

227 2304 340 2364 autem
355 2303 389 2363 in
404 2302 560 2364 lemmate
578 2304 692 2363 nostro
709 2303 764 2362 131
780 2300 974 2362 Differentia
983 2298 1161 2379 persimilis
1170 2299 1302 2375 legitur,
1314 2299 1402 2360 76767

227 2417 400 2464 merosum
411 2404 444 2464 et
457 2417 646 2473 meracum,
658 2416 726 2461 non
738 2398 856 2479 probat
869 2397 1086 2461 subditicium
1098 2414 1171 2460 esse
1181 2396 1305 2459 lemma
1317 2396 1401 2459 711671

229 2502 266 2560 75
281 2503 348 2562 ets:
380 2499 524 2579 plurima
536 2500 626 2561 enim
649 2498 782 2574 gemina
797 2500 830 2559 et
852 2497 1000 2573 genuina
1013 2495 1170 2558 lemmata
1184 2493 1268 2556 171767
1288 2497 1400 2556 666767

227 2595 360 2677 profert,
379 2598 513 2677 quaein
528 2597 656 2659 decima
671 2595 829 2657 columna
845 2595 1048 2656 notavimus.

270 2697 381 2758 Potest
393 2697 495 2772 igitur
515 2695 554 2756 716
565 2695 721 2756 1667777676
736 2697 773 2756 75
789 2697 838 2756 bis
853 2691 976 2768 ambigi
991 2694 1106 2752 677667
1121 2689 1337 2753 subditicium
1359 2691 1401 2753 sit

229 2811 354 2857 annon,
372 2794 497 2856 Verum
509 2794 679 2855 enimvero
695 2793 852 2854 lemmata
872 2794 986 2853 nostra
1003 2789 1040 2851 57
1061 2793 1109 2851 dis
1125 2792 1229 2850 67196
1245 2792 1294 2850 1776
1309 2791 1399 2849 66776

228 2892 375 2971 genuina
400 2896 496 2955 sunt:
515 2893 638 2972 quippe
660 2908 746 2971 quae
766 2892 901 2952 exstent
914 2892 947 2950 et
969 2887 1149 2967 inscriptis
1164 2886 1401 2966 lacunasupra

228 2994 316 3056 diota
330 2990 467 3054 foedatis
491 2993 523 3053 67
542 2991 576 3052 76
601 2989 735 3070 optimis
755 2986 937 3062 codicibus,
963 2987 1048 3049 CDM
1072 2985 1195 3047 nostris
1209 2987 1243 3047 67
1256 2985 1402 3060 Β667767-

230 3093 325 3155 67666
344 3088 543 3162 (167176776717,
567 3092 606 3151 67
630 3091 730 3150 766766
753 3088 867 3148 677666
886 3085 1002 3165 (immo
1023 3100 1101 3145 vero
1124 3081 1279 3161 nimium)
1301 3082 1399 3144 locu-

230 3191 334 3271 pletes
348 3189 553 3264 omittamus,
569 3189 701 3249 nostros
718 3201 836 3264 nempe
852 3208 870 3267 q
886 3184 949 3243 FV.

271 3289 450 3351 Lemmatis
464 3287 554 3348 enim
581 3289 619 3347 57
635 3289 684 3349 bic
700 3284 906 3364 (quanquam
930 3282 1097 3357 integrum
1112 3295 1282 3358 nusquam
1306 3294 1400 3358 repe-

232 3388 327 3463 77767)
334 3386 493 3466 reliquiae
503 3387 652 3459 manent,
661 3381 784 3463 quibus
794 3379 977 3450 recensitis
988 3376 1186 3440 concludere
1197 3377 1275 3438 licet
1288 3379 1402 3438 aucto-

232 3503 302 3549 rem
318 3485 509 3564 scripsisse:
525 3484 638 3544 «Inter
653 3497 719 3561 que
729 3483 761 3542 67
775 3495 816 3540 76
828 3479 893 3539 1766
905 3477 1043 3538 76767667
1053 3473 1143 3554 quod
1160 3490 1225 3553 que
1239 3471 1401 3552 conjunc-

234 3585 279 3646 tio
293 3586 344 3646 est
357 3582 550 3662 copulativa
565 3598 606 3642 ve
619 3576 881 3658 disjunctioo(31.
903 3599 914 3630 7

265 3765 299 3829 (7)
314 3764 376 3814 Vide
391 3762 454 3812 inira
469 3777 492 3824 77.
504 3761 533 3810 87
548 3760 631 3810 adnot.
649 3759 672 3809 2.

264 3855 298 3919 72)
316 3854 374 3902 Cum
392 3856 458 3902 textu
474 3851 567 3900 66717676
582 3850 602 3897 R
616 3848 762 3898 conterimus
783 3847 900 3896 lectiones
917 3845 944 3894 1ο
957 3843 1049 3894 codicis
1070 3843 1091 3891 A
1108 3841 1239 3905 degeniani
1256 3838 1402 3890 :meritum

234 3931 344 3991 (usupra
359 3926 377 3988 i)
407 3924 456 3973 7766
470 3925 509 3972 667
523 3924 654 3970 meatum
669 3921 781 3968 mictum
803 3917 920 3967 2⁰nosiri
938 3916 979 3964 V:
1004 3918 1136 3964 merulam
1151 3913 1199 3962 7766
1213 3938 1242 3949 -
1265 3925 1293 3960 66
1307 3910 1405 3960 dicitur

234 3999 367 4049 meretum
394 3995 556 4059 permiaetum
570 3991 682 4042 dicitur.
706 4018 736 4028 -
758 3987 1014 4052 1167667661166717676
1040 3988 1138 4034 6666766
1152 3997 1284 4033 meracum
1309 3981 1405 4041 scribit,

234 4068 300 4134 quod
314 4071 393 4132 7767667
407 4080 462 4115 6666
477 4070 578 4114 rectum.
599 4090 628 4099 -
644 4062 755 4111 Ceterum
770 4061 801 4109 67.
817 4058 924 4108 tabulam
949 4061 1058 4106 nostram
1071 4056 1262 4104 testimoniorum
1278 4053 1405 4102 6711667766

264 4228 298 4295 (3)
314 4230 390 4278 77667
405 4227 492 4290 copula
507 4240 536 4274 76
552 4224 683 4288 disjunctio
697 4227 778 4272 est—
794 4221 814 4270 G
828 4221 845 4272 i.
860 4234 907 4283 que
921 4222 946 4267 67
959 4232 989 4267 76
1002 4217 1113 4280 (lacuna
1127 4216 1164 4265 xi
1173 4213 1337 4272 litterarum)
1344 4225 1403 4261 con-

232 4301 327 4364 junctio
341 4304 423 4347 66776
437 4303 461 4347 67
475 4297 610 4347 distinctio.
628 4294 690 4342 -D
702 4294 721 4344 i.
739 4307 786 4356 que
801 4296 825 4341 67
839 4305 868 4339 76
881 4288 1005 4338 (1767766776
1020 4293 1053 4336 67.
1068 4314 1098 4324 -
1108 4284 1310 4348 17679676767776
1323 4282 1340 4333 Ι.
1359 4295 1406 4345 qua

234 4378 258 4422 67
273 4386 301 4420 76
313 4370 454 4431 disjunctio.
470 4368 533 4416 -R
548 4382 595 4431 que
609 4365 749 4429 conjunctio
761 4367 799 4412 est
814 4377 843 4411 76
854 4360 1026 4425 disjunctio·
1040 4378 1056 4424 φ
1070 4358 1147 4421 Fque
1157 4354 1296 4417 conjunctio
1311 4368 1340 4402 76
1355 4353 1405 4401 7176·

232 4443 336 4504 junctio.
355 4468 385 4478 -
419 4439 439 4487 V
463 4453 511 4502 que
530 4439 668 4500 coniunctio
693 4451 722 4485 76
741 4439 820 4484 autem
844 4432 986 4494 disjunctio.
1001 4457 1031 4467 -
1049 4430 1204 4492 Mentepem.
1227 4424 1312 4488 (176617.
1332 4423 1407 4505 ι1887)

236 4514 380 4575 conjunctio
393 4517 431 4560 667
444 4517 472 4561 67
484 4525 514 4559 76
529 4511 717 4568 (1767666776667.
730 4534 761 4544 -
778 4507 855 4556 Rern.
872 4505 893 4553 A
920 4502 1034 4565 Hoqenii
1048 4502 1150 4550 76767667
1163 4511 1209 4561 que
1231 4497 1355 4577 conjuntro
1375 4509 1405 4543 76

235 4585 364 4637 (1767716676
375 4583 519 4647 (Hoqenius
526 4581 618 4630 scribit
633 4579 774 4642 districtio).
789 4603 817 4614 -
846 4575 957 4624 Ceterum
971 4574 1072 4622 verbum
1087 4588 1100 4618 «
1117 4569 1260 4634 disjunctio
1277 4585 1288 4609 7
1317 4569 1404 4615 66676-
