3256 5460
672 1330 840 1427 PARS
884 1333 953 1428 IV

532 1612 587 1673 DE
608 1607 775 1673 TABULA
797 1612 1098 1676 COMPARATIVA

400 1748 771 1809 TESTIMONIORUM
790 1750 1231 1811 FRAGMENTORUMVE

480 1880 602 1942 TYPIS
623 1880 706 1942 JAM
727 1880 867 1942 ANTEA
891 1880 1151 1943 ExcUSORUM

282 2014 460 2085 QUORUM
482 2013 643 2075 TEXTUS
671 2013 981 2076 CONFERENDUS
1008 2015 1084 2076 EST
1111 2015 1197 2077 CUM
1221 2016 1348 2078 LIBRO

475 2150 537 2242 DE
558 2151 813 2211 PROPRIETA
823 2151 879 2210 ΤΕ
898 2152 1150 2212 SERMONUM

228 2597 287 2668 11.
306 2629 343 2638 -
367 2592 553 2670 saumana,
574 2592 779 2673 negoriana,
799 2593 967 2658 Beckiana
986 2594 1177 2673 fragmenta
1198 2598 1232 2657 et
1256 2593 1400 2658 Rothia-

347 2708 466 2756 uorum
487 2707 566 2771 pars
588 2708 607 2754 a
627 2691 787 2757 lacunosa
815 2693 965 2772 pandant
985 2692 1167 2772 archetypo
1190 2691 1272 2755 libri

557 2790 601 2852 lla
623 2790 836 2869 Proprietata
859 2791 1067 2854 Sermonum.

267 3007 303 3070 1.
327 3039 365 3052 -
389 3011 437 3069 De
460 3007 654 3080 archetypo.
671 3041 710 3050 -
724 3005 854 3068 Indices
869 3009 1027 3085 quattuor
1041 3004 1318 3086 instruximus(l)
1340 3007 1399 3086 qui

228 3106 309 3168 sunt
323 3103 388 3166 duo
404 3107 618 3166 Leuamatum
634 3103 734 3179 (unus
747 3103 954 3166 collectionis
965 3104 1161 3179 Rothianae‚
1174 3104 1257 3167 alter
1266 3105 1398 3166 Monte·

227 3203 425 3283 pessulanae
450 3201 602 3280 Magnae)
622 3204 656 3264 et
681 3201 747 3264 duo
783 3206 969 3266 Verborum
995 3203 1100 3278 (unus
1128 3201 1399 3265 Differentiarum

228 3317 372 3380 quarum
386 3300 521 3361 initium
535 3302 585 3362 est
600 3302 695 3362 luter
709 3302 837 3376 Aulum
852 3302 884 3363 et
903 3303 996 3368 Utile.
1019 3301 1102 3362 alter
1115 3298 1191 3362 libri
1207 3299 1335 3377 nostri).
1361 3300 1398 3362 Id

226 3399 327 3475 igilur
340 3400 441 3462 restat
455 3401 504 3473 ut,
519 3399 571 3460 his
587 3399 683 3477 quasi
699 3398 851 3461 clavibus
866 3400 929 3472 usi,
946 3397 1156 3462 Differentias
1172 3402 1302 3461 nostras
1318 3416 1397 3462 cum

227 3498 330 3559 ternis
351 3496 425 3559 aliis
447 3513 700 3577 comparemus;
725 3514 834 3576 neque
859 3496 957 3559 nobis
978 3496 1153 3559 deerimus.
1178 3494 1399 3559 Conferentur

226 3595 326 3657 etiam
349 3595 427 3656 illae
450 3612 529 3657 curn
558 3595 733 3656 nonnullis
762 3594 856 3656 libris
889 3611 1034 3674 quorum
1069 3593 1199 3657 Indices
1234 3593 1399 3658 conficere

228 3693 486 3774 supersedimus
497 3711 556 3756 seu
569 3694 647 3772 quia
659 3696 710 3768 (ut
722 3693 876 3755 Keiliana
888 3693 1074 3774 volumina)
1086 3710 1165 3754 suos
1176 3691 1246 3771 jaun
1260 3691 1397 3768 habent,

227 3809 287 3854 seu
308 3792 388 3871 quia
411 3792 494 3853 nihil
516 3791 606 3853 aliud
628 3808 731 3870 quam
752 3789 937 3867 fragmenta
959 3790 1119 3871 praebent
1137 3789 1274 3869 disjecta
1292 3791 1398 3870 ipsius

227 3892 339 3952 textus
364 3890 470 3952 nostri
493 3908 499 3950 :
528 3889 617 3970 quod
642 3892 771 3951 certum
794 3893 846 3952 cst
868 3889 908 3951 de
931 3888 1134 3951 Differentiis
1153 3888 1195 3951 ab
1214 3887 1345 3951 Handio
1364 3906 1395 3952 a.

226 3991 315 4060 1818,
330 3988 373 4050 ab
388 3988 537 4063 Hagenio
552 4006 580 4050 a.
599 3991 688 4063 1870,
703 3986 860 4050 aBeckio
875 4005 903 4049 a.
923 3990 1000 4049 1881
1016 3987 1209 4067 publicatis,

265 4088 467 4164 Quanquam
488 4086 578 4146 enim
600 4103 639 4147 ea
657 4085 697 4147 de
718 4103 753 4146 re
775 4103 844 4146 non
865 4101 983 4146 verum
1001 4085 1224 4162 dignovcrunt
1240 4084 1329 4147 docti
1348 4085 1397 4146 illi

225 4184 303 4257 viri,
328 4182 502 4244 ediderunt
525 4185 658 4245 tantum
681 4182 805 4245 codicis
831 4183 984 4245 lacunosi
1006 4185 1196 4262 apographa
1221 4183 1407 4262 lacunosa..

226 4283 445 4344 Communem
468 4282 569 4358 igitur
591 4283 693 4352 ternis
713 4282 753 4343 iis
772 4280 967 4358 fragmentis
987 4282 1208 4362 archetypum
1223 4281 1398 4343 restituere

224 4379 314 4442 haud
329 4381 546 4441 temerarium
560 4382 619 4442 est.

257 4566 291 4636 (1)
308 4565 373 4625 Quos
387 4565 471 4616 videre
486 4570 523 4616 est
538 4567 582 4615 sub
599 4567 646 4614 line
661 4565 733 4628 hujus
746 4565 866 4629 opusculi.
912 4556 917 4568 ‘
