3256 5460
505 601 549 648 nu
570 599 777 648 ammonicus
800 598 840 646 nr
862 600 905 646 nu
927 599 1107 648 coniciens.
1359 583 1398 646 63

225 778 566 846 romonum-liber»
583 773 717 854 scripsit
729 772 868 837 eandem
878 774 1083 836 mentionem
1100 795 1114 828 α
1131 775 1190 836 Ero
1200 774 1398 836 Parietensi

227 876 371 939 editione
385 895 402 932 a
417 873 604 936 Breuliana.

324 1164 417 1241 §le
429 1203 469 1215 -
485 1165 706 1231 concluditur
720 1151 903 1229 dcxxviii
920 1165 1130 1230 editionibus
1145 1165 1276 1231 uostris
1294 1186 1301 1228 :

266 1394 302 1457 1.
322 1427 360 1438 -
387 1397 550 1458 libellum
577 1393 745 1465 nostrum,
778 1413 791 1448 «
813 1394 1040 1467 evertentem)
1067 1395 1201 1467 quidem
1221 1408 1325 1470 saepe
1339 1398 1398 1456 red

227 1508 403 1568 noritonam
432 1493 596 1555 accurrate
623 1493 771 1562 editum,
817 1506 890 1553 esre
922 1494 1171 1552 emendandum
1200 1493 1333 1554 collutis
1366 1493 1399 1553 et

228 1597 406 1651 conminus
426 1597 457 1654 el
479 1595 702 1651 rrsrmorurs.
721 1622 757 1632 —
774 1587 927 1650 Ceterum
938 1588 1009 1667 jam
1024 1587 1246 1650 indicavimus
1264 1589 1398 1651 Arevali

228 1693 370 1766 textum,
387 1706 466 1752 cum
481 1688 624 1750 editione
635 1686 752 1750 Isidori
767 1685 969 1768 principe(l)
983 1686 1251 1767 (Margariniana)
1266 1704 1400 1768 compa-

226 1791 348 1862 ratum,
380 1787 552 1849 meliorem
581 1784 714 1865 quidem
744 1802 826 1859 esse,
857 1783 913 1847 sed
931 1785 990 1846 XV
1006 1783 1089 1865 (non
1118 1785 1277 1866 amplius)
1305 1786 1399 1861 locis,

226 1889 329 1965 atque
345 1885 446 1947 eiiam
468 1883 615 1965 pejorem
638 1900 674 1945 se
696 1885 862 1963 praestare
894 1883 927 1943 in
959 1880 1162 1945 Differeniiis
1190 1884 1248 1945 IX.
1274 1883 1401 1947 Mendis

227 1985 365 2046 enimet
388 1983 574 2046 innumeris
600 1985 633 2044 et
656 1983 714 2043 vix
741 1980 954 2048 credibilibus
978 1984 1100 2059 scatet,
1118 1981 1164 2044 ita
1177 1984 1216 2043 nt
1231 1982 1400 2062 possimus

227 2081 451 2145 concludere:

266 2180 435 2244 Editiones
454 2178 557 2244 libelli
582 2179 688 2242 nostri
707 2195 797 2241 auno
814 2182 890 2241 1602
905 2178 1104 2241 recentiores
1123 2179 1301 2242 universae
1319 2183 1400 2242 sunt

226 2279 417 2359 apographa
432 2279 591 2358 priorum.

265 2377 315 2439 Ex
331 2377 498 2458 prioribus
512 2376 703 2439 autemillis
716 2379 859 2456 possunt
875 2393 1024 2456 «pravae
1038 2376 1152 2438 minus
1163 2400 1176 2432 a
1189 2376 1253 2439 dici
1268 2377 1296 2439 si
1312 2395 1398 2457 quae

227 2474 376 2539 codicem
410 2481 549 2539 unicum
578 2477 771 2556 exprimunt
804 2475 997 2554 simpliciter
1025 2490 1103 2536 cum
1138 2472 1206 2536 fere
1239 2475 1397 2538 omnibus

228 2575 342 2654 scripti
356 2573 501 2638 mendis.

266 2673 351 2749 Ergo
379 2671 513 2735 libellus
541 2675 654 2734 noster
679 2672 926 2748 «evulgatus»
950 2689 1031 2734 sane
1058 2673 1119 2745 est,
1145 2674 1182 2732 ut
1209 2670 1398 2749 docuimus

225 2768 434 2851 plurifariam
449 2770 505 2832 sed
520 2787 563 2832 ue
577 2769 680 2834 semel
696 2770 830 2849 quidem
845 2769 953 2833 editus
967 2771 1134 2832 accurate.

267 2868 375 2939 Quare
387 2868 660 2949 operaepretium
674 2871 725 2930 est
739 2869 772 2929 et
785 2871 962 2932 comantes
975 2869 1133 2930 lectiones
1147 2883 1165 2929 e
1179 2866 1350 2931 codicibus
1365 2873 1398 2930 et

225 2965 418 3030 testimonia
446 2983 465 3027 c
496 2965 614 3028 ceteris
642 2964 913 3027 Differentiarum
943 2962 1199 3028 collectionibus
1227 2983 1343 3029 eruere
1370 2969 1404 3028 et

227 3079 420 3143 comparare
433 3062 474 3126 ad
493 3062 740 3125 emendandum
754 3062 889 3125 taudem
902 3064 997 3126 hunc
1016 3061 1181 3125 libellum.

266 3269 304 3333 2.
320 3303 360 3315 -
376 3273 523 3331 cubicus
533 3271 641 3333 obiter
652 3274 751 3334 modo
761 3285 958 3335 memorare
968 3286 1165 3347 possumus,
1176 3275 1213 3333 iu
1223 3271 1398 3344 praesenti

227 3364 387 3444 opuscolo
404 3373 615 3425 rusrrrnonm
635 3370 714 3444 post
730 3371 952 3431 enumeratos
966 3374 1151 3427 urlrrcrvns
1176 3373 1388 3444 oppressuri.

113 3458 125 3471 “
227 3464 415 3528 -Codices
434 3482 512 3527 vero
533 3466 741 3528 contulimus
762 3467 826 3547 ipsi
848 3483 969 3528 novem
985 3483 1069 3546 quos
1090 3467 1178 3530 inter
1191 3466 1315 3528 classes
1330 3469 1396 3527 tres

226 3563 416 3640 dividimus,
435 3568 549 3645 prout
565 3582 572 3624 ε

265 3660 460 3725 LPraebent
471 3661 681 3725 Differentiae
693 3666 750 3726 255
762 3662 899 3742 [scilicet
909 3662 1136 3734 Arevalianas
1149 3662 1267 3726 additis
1278 3663 1401 3725 nostris

228 3763 265 3823 52
287 3759 394 3823 biset
417 3758 566 3842 lechis),
592 3760 779 3823 secundum
810 3759 960 3822 ordinem
987 3760 1270 3837 Margarinianum
1300 3776 1400 3839 quem

229 3859 392 3938 sequitur,
410 3860 486 3937 post
499 3857 684 3933 Breulinm,
701 3858 875 3920 Arevalus.

267 3958 309 4019 ll.
334 3956 513 4031 omittunt,
539 3955 647 4017 media
672 3956 838 4018 saltemin
859 3955 1068 4031 collectione,
1091 3955 1249 4019 lemmata
1271 3958 1401 4018 lii-lii.

228 4055 279 4136 (In
294 4054 357 4117 bac
371 4056 485 4116 aulem
503 4053 650 4116 secunda
662 4053 770 4117 classe
783 4054 1037 4131 distinguuntur
1058 4052 1142 4117 duae
1159 4055 1324 4129 cohortes
1340 4069 1400 4132 pro

226 4155 267 4215 ut
284 4152 442 4215 lemmata
462 4155 577 4214 nostra
601 4153 692 4215 52-59
715 4155 774 4214 aut
797 4153 883 4214 inter
904 4153 1062 4216 lemmata
1083 4153 1116 4213 21
1135 4156 1168 4215 ei
1183 4157 1220 4215 22
1244 4154 1303 4214 ant
1324 4155 1402 4214 ante

228 4251 379 4313 lemmal
397 4250 618 4331 inseruntur).

260 4522 294 4588 (1)
308 4522 334 4574 Si
349 4525 380 4574 de
394 4529 479 4574 nostro
495 4524 592 4588 quidem
602 4524 685 4574 libello
700 4525 788 4589 agitur.
801 4524 1030 4575 vindobonensibus
1044 4523 1107 4573 enlm
1120 4523 1258 4573 editoribus
1268 4525 1401 4590 linquimus

228 4594 344 4645 bonorem
361 4614 374 4642 u
390 4595 501 4659 corporis
512 4594 641 4646 isidoriaui
652 4615 665 4640 »
676 4597 772 4647 tandem
788 4596 946 4647 recensendi.
