3256 5460
232 597 272 668 80
428 617 471 666 nn
493 612 589 665 niano
611 615 652 662 nn
676 611 871 663 ruosurrrrrn
892 612 1052 664 sinuosus
1075 619 1158 668 raus
1180 617 1216 668 iv

232 797 330 858 later
355 794 474 868 aptum
498 792 530 854 ct
549 793 641 853 utile.
671 791 710 851 In
735 805 803 868 qua
827 789 856 852 si
870 791 1042 868 collegeris
1055 791 1265 861 Differentiae
1281 793 1411 860 tituli'l

233 909 265 956 e.
287 909 323 969 g.
346 906 426 953 cum
440 888 525 951 libro
542 891 656 950 nostro
671 904 881 965 communes,
909 891 1062 955 invenies
1080 897 1238 974 parallela
1253 895 1414 958 lemmata

273 989 481 1053 collectionis
496 987 589 1050 illius
606 987 655 1065 (Α)
670 990 728 1048 051
732 1033 897 1053 .........
918 992 952 1051 et
966 988 1071 1052 libelli
1085 996 1191 1056 nostri
1233 999 1289 1057 204
1318 994 1370 1072 (Ε)

601 1084 653 1166 (Β)
666 1089 723 1147 553
731 1130 1185 1158 .......................
1233 1097 1288 1157 111
1320 1092 1371 1173 (D)

602 1185 649 1264 (C)
666 1188 722 1248 556
731 1230 1183 1255 .......................
1232 1195 1289 1253 114
1318 1190 1364 1272 (C)

601 1283 651 1363 (1))
670 1286 725 1345 051
734 1327 1185 1351 .......................
1254 1292 1290 1350 14
1318 1288 1367 1368 (Β)

598 1381 649 1462 (Ε)
665 1383 724 1445 501
732 1427 1181 1450 .......................
1250 1389 1287 1448 14
1311 1385 1367 1466 (Α)

271 1481 333 1544 Sed
357 1496 436 1543 cum
451 1479 551 1541 series
574 1477 771 1541 lemmatum
788 1484 980 1543 nostrorum
1002 1484 1141 1545 minime
1164 1486 1327 1548 continua
1350 1486 1405 1564 sit,

230 1580 442 1643 temerarium
457 1578 500 1639 sit
515 1575 698 1656 quidquam
712 1577 793 1640 inde
804 1579 1004 1642 concludere
1013 1582 1070 1661 (1).

269 1680 421 1741 Ceterum
440 1677 558 1737 auctor
583 1674 791 1739 collectionis
817 1681 950 1740 nostrae
974 1683 1016 1741 dc
1034 1683 1254 1755 Proprietate
1271 1687 1405 1746 &rmo-

227 1794 311 1840 uum
326 1775 494 1839 interdum
513 1779 572 1854 aut
594 1779 774 1852 congregat
792 1776 892 1840 verba
907 1794 927 1839 a
941 1777 1051 1840 littera
1071 1779 1184 1842 eadem
1199 1782 1405 1862 incipientia,

225 1880 284 1939 aut
303 1875 455 1954 sequitur
469 1872 619 1935 ordinem
637 1872 888 1953 alphabeticum
905 1878 1083 1951 directum,
1100 1882 1139 1939 ut
1164 1879 1253 1941 inter
1265 1879 1302 1940 34
1317 1883 1352 1942 et
1365 1885 1402 1943 36

228 1976 290 2056 (ter
303 1975 358 2056 V),
374 1977 409 2036 01
427 1975 459 2035 et
475 1972 534 2034 101
557 1971 678 2051 (sexies
693 1974 739 2050 11),
757 1973 813 2036 100
829 1977 863 2034 et
878 1977 931 2035 111
961 1974 1023 2052 (ter
1038 1977 1087 2052 A),
1114 1977 1403 2058 14861151(ῳο-

229 2078 279 2136 ter
290 2073 342 2152 D),
368 2075 425 2134 152
440 2074 474 2133 et
497 2073 553 2133 104
571 2068 630 2131 ubi
654 2070 812 2148 leguntur
836 2071 993 2134 tredecim
1014 2072 1226 2137 Differentiae
1247 2075 1402 2139 alitteris

228 2172 299 2234 N·V
315 2170 528 2250 incipientes,
544 2168 726 2231 dummodo
742 2169 909 2232 lemmatis
925 2172 983 2234 156
997 2173 1143 2251 primum
1158 2177 1315 2253 putemus
1330 2192 1403 2237 ver-

226 2270 309 2334 bum
324 2268 431 2331 fuisse
446 2266 477 2328 id
493 2267 583 2346 quod
597 2271 648 2330 est
660 2269 858 2331 obturatus:
876 2271 983 2332 rarius
998 2271 1089 2332 enim
1103 2274 1154 2334 est
1176 2289 1279 2351 quam
1303 2279 1401 2337 clau·

226 2386 286 2432 sus
300 2383 449 2449 quocum
464 2364 511 2426 ihi
526 2367 811 2446 componiturtll'.

212 2446 218 2457 ⁹
268 2468 438 2528 Postremo
453 2467 503 2525 est
524 2462 582 2524 ubi
604 2464 704 2525 series
729 2464 891 2542 quaedam
913 2463 1081 2528 breviores
1103 2470 1295 2530 nostrorum
1319 2469 1402 2532 lem-

228 2567 357 2625 matum
372 2563 444 2640 ipso
469 2577 581 2621 rerum
606 2577 708 2622 sensu
732 2562 976 2624 continuantur
993 2582 999 2622 :
1017 2565 1063 2625 ita
1085 2563 1298 2629 Differentiae
1321 2569 1400 2630 110-

190 2713 195 2721 .
229 2663 283 2723 111
301 2659 515 2734 distinguunt
530 2657 630 2720 verba
645 2659 753 2721 activa
768 2663 801 2721 et
815 2659 1014 2739 deponentia
1019 2680 1029 2750 3
1046 2664 1181 2723 111-113
1203 2670 1401 2743 comparant

228 2757 440 2822 substantiva
455 2759 486 2816 et
501 2755 648 2817 derivata
662 2755 704 2818 ab
718 2757 785 2819 illis
800 2756 977 2837 adjectiva;
994 2758 1138 2838 denique
1152 2765 1269 2823 auctor
1279 2764 1400 2826 transit

228 2873 248 2918 a
262 2853 363 2917 verbo
378 2859 559 2916 immolare
573 2851 614 2914 ad
629 2854 835 2916 immolatam
850 2858 1026 2918 uictimam
1040 2856 1208 2937 (181-181).

269 2950 434 3031 Quidquid
453 2950 485 3011 id
504 2953 563 3022 est,
582 2952 665 3012 ratio
680 2952 805 3014 ordinis
823 2953 1012 3014 Arevaliani
1033 2954 1123 3016 haud
1137 2954 1234 3018 facile
1247 2958 1400 3038 explica·

229 3052 320 3115 bitur
338 3066 440 3111 causa
463 3052 522 3111 aut
545 3047 775 3129 philosophica
797 3054 856 3112 aut
888 3051 1057 3113 historica.
1088 3052 1151 3114 Sed
1174 3053 1290 3116 eodem
1317 3057 1400 3118 vitio

229 3149 383 3213 laborant
404 3146 580 3226 pleraeque
600 3146 871 3210 Differentiarum
900 3149 1124 3213 collectiones.
1161 3152 1401 3232 Quaecumque

229 3250 319 3312 enim
344 3264 411 3308 non
436 3248 626 3324 sequuntur
648 3245 889 3308 elementorum
914 3246 1040 3310 litteras
1063 3248 1223 3326 praebent
1245 3249 1401 3314 adversa-

229 3347 356 3409 riorum
368 3343 505 3422 species.
523 3343 630 3412 Quare
644 3341 794 3404 ordinem
807 3343 1025 3406 Arevalianae
1038 3345 1203 3420 editionis,
1219 3348 1299 3426 quia
1313 3347 1401 3411 idem

229 3446 280 3506 est
294 3446 395 3521 atque
417 3441 620 3520 optimorum
641 3440 807 3515 codicum,
830 3439 1052 3517 servabimus;
1080 3447 1123 3515 et,
1142 3445 1232 3523 quod
1256 3445 1297 3506 ad
1319 3445 1402 3507 lem-

229 3544 359 3602 matum
373 3544 530 3600 numeros
545 3539 673 3614 attinet,
688 3538 784 3601 nobis
796 3543 846 3601 sat
861 3541 922 3602 erit
937 3543 1003 3602 tres
1017 3540 1228 3606 Differentiae
1244 3543 1402 3624 Syllogae

230 3637 406 3701 reddidisse
430 3639 463 3698 et
484 3635 668 3698 ostendisse
694 3654 736 3699 ne
759 3638 805 3699 ita
834 3636 968 3717 quidem
991 3640 1121 3700 restitui
1147 3641 1311 3717 integram
1332 3642 1401 3704 col-

229 3738 417 3800 lectionem.

260 3982 293 4045 (1)
322 3979 380 4027 ltern
396 3977 427 4026 ct.
443 3977 555 4025 lemmata
570 3978 632 4026 tituli
648 3977 668 4025 V
683 3955 835 4028 collectionis
849 3979 914 4027 illius
927 3979 983 4029 514.
1007 3981 1061 4031 517.
1080 3982 1126 4032 580
1148 3985 1237 4047 quibus
1251 3991 1402 4051 respondere

228 4055 356 4172 ¹veiplssuutur
378 4054 462 4097 nostra
473 4047 528 4097 249.
543 4048 598 4099 207.
615 4049 667 4098 179.
685 4050 734 4098 Sed
759 4051 848 4099 trustra
868 4051 1040 4113 requisivimus
1065 4057 1206 4104 continuas
1226 4059 1304 4106 series
1323 4063 1402 4123 parul-

254 4223 289 4286 (1)
315 4222 346 4271 Ut
361 4220 435 4283 supra
449 4218 587 4267 notavimus
599 4218 751 4269 lemmatibus
765 4221 872 4284 quinque
886 4222 948 4270 tituli
967 4222 985 4269 'l
1000 4223 1151 4273 collectionis
1174 4226 1260 4277 Isidori
1283 4228 1400 4292 alphabe-

226 4297 288 4344 ticae
303 4292 449 4354 respondere
471 4290 577 4352 quinque
602 4290 711 4338 lemuiuta
737 4297 818 4339 nostra
834 4292 921 4341 ordine
947 4294 1060 4353 inverso,
1077 4295 1109 4343 ita
1124 4297 1162 4345 hic
1179 4298 1303 4349 observari
1318 4308 1399 4364 potest
1497 4297 1499 4301 ’

227 4364 379 4415 lemmatibus
393 4362 499 4424 quinque
515 4361 579 4423 (434.
596 4361 650 4410 441.
667 4362 725 4411 446,
741 4362 795 4414 llil.
811 4363 867 4426 465)
882 4363 946 4412 tituli
961 4365 980 4413 P
994 4366 1105 4427 ejusdem
1120 4368 1272 4418 collectionis
1290 4385 1396 4436 respon.

225 4440 283 4486 dere
295 4435 401 4498 quinque
418 4432 572 4481 Ditlerentiss
589 4439 685 4481 nostras
701 4434 786 4482 ordine
800 4437 873 4483 recte
888 4435 978 4484 eodem
1002 4436 1051 4499 (Π.
1067 4437 1106 4486 87.
1123 4437 1232 4492 91.143.
1257 4442 1320 4506 158).
1345 4445 1396 4493 Sed

224 4520 360 4572 quanquam
376 4504 437 4552 tales
452 4505 528 4552 series
542 4504 674 4567 parallelas
690 4506 770 4552 riunri
786 4506 883 4571 longum
899 4509 958 4556 satis
974 4512 1019 4566 est,
1045 4523 1093 4555 non
1120 4515 1200 4571 potest
1222 4511 1279 4562 inde
1303 4516 1396 4581 colligi,
1463 4512 1464 4516 ’

224 4589 249 4632 ut
265 4587 386 4643 putamus,
401 4582 521 4624 auctorem
539 4577 663 4640 utriusque
679 4577 829 4627 collectionis
845 4592 900 4627 esse
913 4594 986 4628 onum
998 4583 1022 4628 et
1038 4580 1150 4634 eundem.
