3256 5460
593 1414 965 1512 PRAEFATIO

231 2073 440 2154 Opusoulum
450 2073 490 2136 de
500 2073 702 2137 Differentiis
711 2075 864 2135 nostrum
873 2071 982 2151 capiat
992 2071 1127 2132 initium
1137 2069 1179 2133 ab
1189 2071 1252 2133 hac
1263 2069 1362 2134 Diffe-

192 2171 314 2234 rentia:
330 2172 417 2234 inter
428 2173 706 2254 Synonymorum
716 2170 930 2233 collectiones
941 2171 973 2230 et
983 2166 1253 2231 Differentiarum
1260 2167 1363 2232 libros

190 2269 254 2332 hoc
269 2271 407 2332 interest
422 2270 510 2350 quod
527 2272 804 2352 synonymorum
825 2268 1050 2336 collectiones,
1066 2268 1168 2330 unico
1183 2267 1247 2330 sub
1261 2266 1362 2330 verbo

192 2368 280 2447 quod
293 2370 344 2430 est
353 2385 413 2448 pro
425 2369 523 2432 titulo
533 2369 711 2442 lemmatis,
725 2368 808 2429 nihil
818 2365 908 2429 aliud
919 2383 1021 2446 quam
1031 2364 1132 2429 verba
1146 2367 1210 2428 alia
1225 2383 1362 2429 enume-

190 2470 265 2528 rant
279 2483 381 2529 sensu
396 2464 529 2541 alfinia;
545 2465 687 2528 inlibris
702 2482 781 2527 vero
791 2463 1072 2538 Differentierum,
1089 2464 1208 2526 titulus
1222 2463 1288 2526 duo
1303 2467 1363 2526 aut

189 2563 285 2644 plura
310 2561 437 2643 profert
459 2562 571 2640 verba,
598 2564 651 2626 vel
676 2580 778 2626 sensu
801 2562 854 2624 vel
877 2579 960 2624 sono
980 2563 1112 2623 tantum
1127 2561 1259 2636 similia,
1276 2578 1362 2640 quae

188 2661 343 2742 deinceps
358 2661 612 2738 distinguuntur
626 2661 875 2724 commentariis
890 2658 1069 2739 aliquando
1082 2658 1299 2736 longioribus.

228 2760 306 2822 Tres
320 2763 433 2822 autem
448 2759 512 2823 sub
527 2761 644 2823 Isidori
660 2761 796 2822 nomine
811 2757 966 2821 feruntur
979 2756 1056 2820 libri
1070 2756 1356 2822 Differentiamm.

228 2857 325 2919 Liber
338 2856 610 2920 Differentiamm
625 2874 710 2938 quas
725 2874 886 2920 vocamus
908 2856 1123 2932 Theologicas
1144 2855 1279 2936 praebet
1294 2857 1361 2919 ini-

189 2955 274 3016 tium
289 2958 385 3017 mter
400 2961 507 3018 Deum
515 2958 547 3018 et
556 2961 738 3019 Dominum
752 2958 785 3018 et
795 2955 940 3035 complet
954 2955 1092 3035 paginas
1108 2958 1177 3016 ll-l
1187 2957 1220 3016 ll
1239 2957 1360 3018 tomiV

188 3053 394 3128 Arevaliani;
412 3070 522 3134 neque
533 3054 574 3117 ad
589 3071 658 3117 rem
675 3058 824 3117 nostram
839 3054 1037 3133 plerumque
1051 3053 1204 3133 pertinet.

226 3151 323 3214 Liber
350 3154 463 3214 antem
490 3157 531 3215 αθ
557 3155 766 3229 Dtfferectttr
799 3157 1000 3226 Verborum,
1028 3150 1127 3231 cujus
1151 3152 1287 3214 initium
1310 3156 1361 3215 est

185 3250 280 3312 Inter
294 3252 413 3325 optram
432 3252 465 3313 et
486 3251 628 3332 mitelli,
645 3251 766 3328 legitur
780 3251 867 3313 inter
881 3251 1019 3330 paginas
1032 3253 1045 3311 l
1064 3251 1097 3311 et
1112 3251 1149 3311 lt
1166 3250 1247 3311 tomi
1261 3249 1360 3312 modo

186 3346 323 3411 laudati.
942 3382 944 3387 ,

224 3446 376 3526 Denique
392 3445 475 3510 liber
488 3452 530 3510 αθ
544 3449 763 3522 Proprtetate
783 3452 1000 3520 Sermonum,
1028 3445 1127 3526 cujus
1151 3446 1286 3507 initium
1309 3447 1360 3508 est

184 3546 279 3608 Inter
288 3549 444 3620 polliceri
460 3546 493 3607 et
502 3547 717 3622 promtttere,
745 3546 862 3626 implet
882 3545 1020 3625 paginas
1044 3546 1178 3606 lit-tlt
1198 3543 1280 3606 tomi
1295 3543 1358 3606 VII

187 3643 385 3706 Arevalicni.
404 3645 476 3715 Quo
491 3644 531 3706 de
545 3643 630 3707 libro
646 3645 786 3721 agimus.

227 3739 365 3803 Librum
389 3757 467 3803 vero
494 3744 779 3818 Differenttarum
808 3745 995 3804 Verborum
1023 3740 1155 3820 saepius
1183 3756 1358 3819 compara-

185 3837 295 3901 bimus
311 3855 389 3900 cum
410 3841 536 3901 nostro.
562 3841 696 3902 Monere
721 3841 822 3916 igitur
844 3837 1003 3902 debemus
1029 3854 1176 3918 acquum
1200 3838 1357 3900 lectorem

188 3954 247 3999 nos
263 3936 381 4011 titulis,
398 3954 484 4016 quos
497 3954 601 4024 supra
615 3940 822 4019 scripsimus,
838 3954 968 4018 semper
981 3941 1014 3999 et
1025 3954 1135 4016 usque
1148 3937 1199 3998 uti
1216 3956 1222 3997 :
1240 3934 1358 3999 obscu-

186 4035 292 4097 ritatis
306 4035 398 4096 enim
421 4052 460 4097 ea
481 4036 599 4099 saltem
623 4055 725 4099 cause
749 4036 883 4099 vitanda
909 4040 959 4125 est
974 4053 1041 4115 qua
1055 4034 1208 4098 laborant
1225 4059 1238 4092 α
1255 4034 1358 4097 Isido-

186 4132 278 4193 riana
296 4156 310 4187 n
327 4133 459 4195 Arevali
474 4137 507 4195 et
522 4134 669 4213 reliquae
683 4135 854 4209 editiones,
871 4133 929 4196 ubi
944 4150 1099 4214 persaepe
1113 4131 1198 4195 liber
1210 4138 1250 4195 αθ
1265 4137 1355 4195 Pro-

185 4231 331 4303 prietate
343 4233 546 4293 Sermonum
558 4234 775 4312 nuncupatur
785 4231 868 4293 liber
878 4237 919 4294 αθ
931 4232 1139 4306 Differeottts
1155 4233 1354 4307 Verborum,

185 4327 304 4388 etvice
318 4344 423 4390 versa.

218 4540 253 4603 (l)
272 4541 328 4604 Quo
342 4542 373 4591 de
388 4542 451 4594 libro
466 4557 596 4608 perperam
614 4548 694 4594 tacere
709 4544 810 4596 Teullel.
827 4547 851 4593 et
862 4543 978 4593 schireb.
995 4542 1137 4593 docebimus
1148 4557 1172 4606 p.
1186 4541 1226 4604 l't,
1240 4540 1297 4594 adn.
1308 4539 1336 4593 3.
