3256 5460
232 555 270 616 80
418 569 460 612 oa
483 568 576 613 trano
598 570 639 611 na
664 569 863 614 rnorammrs
881 568 1039 613 seauoumr
1063 566 1141 611 rans
1163 566 1196 611 1v

271 743 356 804 Item
379 741 528 806 lemmati
555 744 611 804 rao
641 745 691 804 bis
716 742 948 805 auctoritatem
976 739 1111 821 praebet
1139 755 1326 801 consensus
1348 755 1402 799 co-

229 836 360 914 dicnm;
377 839 476 918 quod,
493 840 532 898 ut
546 837 677 916 quidem
695 841 864 917 putamus,
881 840 926 899 ila
938 837 1114 915 legendum
1129 841 1180 898 est
1194 853 1273 898 cum
1288 835 1401 898 codice

232 939 385 1001 nostroR
403 955 408 996 :
428 957 444 994 a
460 938 552 998 Inter
572 936 717 1014 primum
736 940 769 997 et
790 937 933 1015 priorem
955 936 1018 996 hoc
1041 937 1179 996 interest
1202 933 1292 1013 quod
1312 935 1402 1014 prior

231 1035 373 1096 alterum
388 1033 563 1113 praecedit,
580 1034 707 1112 primns
721 1050 837 1095 omnes
852 1032 910 1114 (t).
930 1055 945 1091 n

269 1134 351 1194 Jure
379 1134 480 1207 igitur
507 1131 723 1194 Arevalianae
751 1131 942 1192 collectioni
972 1132 1032 1193 tria
1062 1131 1144 1193 baec
1166 1129 1323 1192 lemmata
1345 1129 1402 1191 ad-

225 1234 423 1311 jungentur,
453 1232 500 1292 ita
528 1233 567 1291 ut
593 1229 771 1292 reddantur
792 1229 876 1291 libro
900 1236 941 1292 αθ
966 1232 1184 1306 proprietate
1203 1245 1402 1292 sermonum

229 1333 286 1392 ‘256
304 1329 471 1391 lemmata.

269 1426 342 1504 Sed,
362 1442 557 1506 quanquam
571 1427 778 1488 restituimus
796 1429 861 1488 tres
876 1425 951 1487 illas
966 1424 1189 1499 Differentias,
1207 1427 1401 1487 nontamen

228 1524 415 1604 putandum
427 1527 477 1586 est
492 1541 554 1586 nos
569 1523 692 1586 librum
713 1524 896 1604 repperisse
916 1525 1084 1599 integrum
1108 1528 1141 1585 et
1163 1523 1265 1586 talem
1291 1521 1402 1602 qualis

227 1622 269 1685 ab
280 1623 426 1684 auctoris
440 1638 545 1684 manu
559 1620 728 1701 profectus
744 1623 797 1684 sit.
811 1622 943 1695 Contra,
959 1625 1037 1684 ante
1051 1622 1174 1684 lemma
1190 1625 1345 1683 nostrum
1364 1624 1401 1682 84

227 1721 388 1783 excidisse
403 1719 614 1782 Differentias
628 1719 740 1799 plnres
755 1718 924 1799 probabile
938 1722 999 1794 est,
1012 1737 1117 1782 unam
1130 1720 1248 1782 saitem
1258 1721 1400 1781 certum.

227 1819 358 1880 Etenim
388 1820 436 1880 sic
455 1818 574 1897 incipit
600 1817 723 1879 lemma
741 1819 830 1880 hoc:
854 1841 867 1874 «
889 1820 981 1880 Inter
1000 1819 1217 1894 geminatum,
1240 1817 1402 1897 junctum

227 1919 259 1977 et
274 1915 482 1995 duplicatum
495 1915 574 1995 quid
590 1917 721 1977 intersit
735 1921 891 1991 quatiaris
920 1921 1019 1979 acute
1043 1917 1310 1993 roterteyeaurus
1325 1919 1402 1976 dre·

226 2017 316 2076 oder
339 2019 610 2089 enneacrunos,
635 2016 746 2075 tamen
768 2012 832 2076 sub
850 2014 1012 2094 exemplis
1032 2015 1132 2077 latius
1147 2014 1364 2076 doceamus...
1384 2030 1399 2070 a

267 2112 341 2174 Tria
359 2112 459 2174 verba
481 2112 600 2174 titulus
624 2111 790 2172 lemmatis
814 2111 906 2173 illius
928 2110 1074 2191 profert:
1092 2109 1308 2192 sperabamus
1330 2107 1401 2170 iore

227 2213 265 2271 ut
279 2228 318 2272 ea
330 2211 513 2291 conjuncta
534 2210 752 2289 reperiremus
773 2210 808 2271 in
832 2209 898 2271 alia
918 2209 1112 2272 Differentia
1129 2230 1136 2270 :
1154 2227 1240 2289 quae
1262 2210 1401 2269 inventa

228 2308 324 2370 nobis
340 2309 440 2371 simul
456 2309 617 2371 indicium
634 2307 819 2370 tradidisset
830 2309 869 2371 de
884 2310 1020 2370 nomine
1033 2310 1180 2371 auctoris
1194 2309 1313 2370 incerti
1323 2306 1400 2369 libri

226 2412 266 2470 αθ
286 2407 499 2482 Proprietate
519 2423 732 2470 ceutronum.
753 2406 816 2469 Sed
839 2424 1033 2486 quanquam
1058 2405 1171 2469 labore
1192 2405 1344 2486 improbo
1368 2411 1400 2467 et

226 2505 375 2581 diligenti
389 2523 470 2567 cura
484 2504 712 2567 Differentiam
728 2505 821 2567 illam
836 2507 947 2567 rimati
962 2523 1080 2568 sumus
1099 2509 1131 2566 et
1150 2504 1236 2585 apud
1256 2509 1400 2566 cunctos

226 2606 378 2665 auctores
393 2620 478 2683 quos
493 2607 664 2683 comparat
678 2603 793 2665 tabula
809 2607 934 2678 nostra,
950 2608 982 2665 ct
1006 2605 1042 2665 in
1063 2604 1262 2666 Arevaliano
1282 2601 1398 2664 Isidori

226 2701 346 2775 indice,
370 2701 460 2762 etin
484 2699 735 2763 Woelffliniano
763 2702 908 2763 Archivo
937 2705 970 2763 et
995 2703 1082 2763 inter
1107 2701 1399 2764 Doederleinianas

227 2798 450 2874 Differentiam
462 2797 589 2879 ubique
601 2799 698 2862 nobis
711 2799 880 2879 respondit
894 2800 1001 2861 altum
1014 2797 1248 2879 silentium(2).
1264 2798 1402 2860 Constat

226 2899 359 2958 tantum
380 2895 504 2958 librum
533 2901 810 2973 depromente
834 2914 1032 2961 scrutantem
1058 2915 1168 2977 neque
1192 2900 1247 2958 253
1276 2899 1401 2958 Areva-

227 2994 326 3056 lianis
343 3011 451 3073 neque
467 2997 523 3057 ‘25ss
541 2997 663 3058 nostris
679 2995 882 3057 Differentiis
897 2997 1023 3076 expleri
1035 2996 1128 3077 justo
1144 3012 1296 3056 numero.

269 3226 304 3288 4.
322 3262 359 3270 -
377 3233 555 3292 Deeratne
569 3233 753 3291 eorzrndem
768 3244 1003 3291 caeterorum.
1018 3263 1054 3272 —
1076 3230 1120 3290 Ut
1139 3245 1308 3291 summam
1324 3232 1400 3291 Are·

229 3323 396 3387 valianam
420 3326 617 3389 lemmatum
642 3344 710 3388 non
732 3326 879 3387 multum
901 3328 1070 3403 auximus
1092 3329 1138 3389 ita
1157 3327 1307 3389 ordinem
1329 3345 1399 3391 ser-

229 3437 349 3484 vamus
369 3440 469 3502 quem
489 3424 623 3504 praebet
644 3422 699 3485 ille
713 3427 747 3485 et
761 3425 820 3503 qui
834 3421 973 3485 fulcitur
988 3426 1178 3486 testimonio
1194 3415 1399 3504 optimorum

227 3519 393 3597 codicum,
411 3523 496 3584 CDM
508 3526 699 3585 nostrorum
713 3525 746 3584 et
759 3527 992 3598 Beneuentani
1006 3522 1206 3587 Gothofredi,
1220 3526 1294 3603 Ipse
1307 3525 1399 3586 enim

227 3617 399 3694 Hagenius
413 3620 652 3683 lacunosorum
667 3618 930 3696 fragmentorum
945 3621 1069 3682 ordinis
1088 3622 1251 3683 rationem
1266 3620 1399 3683 redderc

230 3931 299 3979 ritate
329 3929 425 3978 omnino
447 3934 532 3980 caret:
559 3935 641 3980 contra
656 3945 773 3993 persaepe
789 3936 862 3994 agunt
876 3933 1022 3993 grammatici
1040 3932 1071 3981 de
1094 3933 1306 3996 conjunctionibus
1329 3955 1340 3980 α
1358 3951 1399 3986 θο-

229 4002 343 4063 putativis
366 4005 391 4048 et
408 4000 582 4064 disjunctivis.
602 4021 613 4044 »
641 4003 677 4051 ct.
694 4003 763 4051 Keilii
788 4004 881 4051 indices
896 4009 920 4051 et
945 4003 979 4051 De
996 4030 1008 4040 -
1023 4004 1064 4052 Vit
1090 4020 1108 4051 s.
1130 4018 1154 4056 v.
1174 4003 1353 4068 disjunctione
1373 4013 1397 4057 et

229 4071 299 4120 Serv.
311 4072 341 4119 ad
356 4074 418 4122 Aen.
433 4070 512 4133 11‚37.

260 4196 295 4256 (1)
310 4196 384 4244 Alteri
399 4196 432 4245 ll.
445 4223 473 4230 —-
486 4196 554 4244 alter'
572 4197 746 4260 Bouporsion.
766 4226 795 4234 -
813 4199 947 4247 Praecedet
969 4200 1125 4263 Moutepess.
1145 4201 1246 4262 (Beck,
1267 4201 1348 4262 1884).
1367 4197 1397 4240 ’-
1469 4181 1471 4186 ’

229 4265 348 4315 Omnibus
364 4265 427 4316 CDM
443 4267 617 4330 Bouporsian.
636 4268 747 4327 —Quod
764 4271 855 4332 primus
865 4271 989 4333 praecedit
1003 4271 1090 4319 multos
1105 4273 1173 4334 prior
1183 4273 1284 4321 alterum
1295 4274 1394 4338 llapeu.

259 4381 293 4439 (2)
309 4381 400 4428 Etenim
411 4382 470 4444 quid
483 4382 514 4430 ad
530 4397 579 4430 rem
597 4352 655 4430 illud
670 4383 804 4432 Tullianum
823 4399 829 4434 :
850 4386 933 4434 Verba
950 4387 1082 4450 qeminatu
1099 4390 1180 4450 atque
1197 4387 1337 4453 duplicato
1355 4392 1397 4441 vel

229 4454 307 4500 etiam
321 4454 428 4516 saepius
441 4453 538 4501 iterata
554 4454 652 4511 (Partit.
670 4455 708 4508 al.
720 4455 744 4517 6)
755 4456 836 4505 anm
850 4458 967 4519 suspicari
984 4458 1040 4506 licet
1057 4459 1211 4507 scholiastam
1226 4463 1308 4510 nescio
1324 4477 1396 4527 quem

229 4525 395 4586 composuisse
413 4524 443 4572 ad
458 4538 512 4572 eum
528 4525 605 4572 locum
621 4526 789 4587 explicandum
804 4527 971 4577 Differentiam
986 4535 1081 4577 nostrae
1096 4531 1256 4592 parallelum?
