3256 5460
690 587 883 635 rnanrnrm.
1332 577 1368 638 11

206 759 346 823 thol'redi
362 761 503 838 nostrae)
520 760 661 837 legimus
676 760 777 823 haec:
797 785 811 818 «
833 764 1039 838 Tupeitaria,
1052 765 1223 834 maleficia
1237 777 1276 825 eo
1288 766 1376 837 quod

203 875 312 936 supra
326 861 458 935 tenutas
472 860 667 932 sacrificent
681 880 706 919 ›>.
723 861 794 930 Quo
809 858 849 921 de
861 859 1018 921 lemmate
1027 859 1189 922 Arevalus
1204 875 1375 940 perperam

205 955 320 1020 scribit
331 962 419 1032 Leae
437 955 661 1035 tepidarium
676 975 683 1031 ;
707 974 853 1036 namque
877 957 1034 1019 Glossarii
1053 957 1210 1020 lemmata
1226 957 1376 1022 ordinem

205 1057 394 1135 sequuntur
416 1052 688 1134 alphabeticum:
717 1056 831 1134 itaque
852 1046 1058 1117 Glossarium
1077 1054 1211 1135 praebet
1234 1054 1375 1119 verbum

205 1157 383 1230 tepettaria
406 1153 441 1214 in
465 1153 585 1232 pagina
606 1170 692 1233 quae
713 1154 878 1233 praecedit
901 1157 1094 1230 tupetiaria.
1126 1154 1260 1217 Credere
1274 1156 1376 1232 igitur

205 1252 283 1314 licet
296 1253 480 1328 tupettaria
495 1268 632 1331 quoque
645 1253 824 1314 exstitisse.

245 1349 397 1412 Alterum
412 1349 508 1412 Medii
522 1349 606 1411 Aevi
619 1348 759 1412 verbum
774 1349 916 1427 legimus
937 1349 1024 1430 apud
1045 1350 1098 1412 Du
1118 1351 1227 1429 Gange
1249 1370 1255 1413 :
1282 1353 1377 1416 ‹Tu-

209 1465 376 1512 «cunruu
385 1447 441 1528 (2),
467 1447 617 1511 calamus
633 1466 700 1528 quo
715 1448 851 1525 sanguis
866 1448 985 1512 Christi
999 1447 1216 1512 hauriebatur
1228 1468 1247 1513 e
1261 1451 1374 1527 calice,

207 1569 225 1605 a
245 1546 364 1624 gallice
380 1564 396 1607 ‹
413 1549 532 1626 tuyau‚
558 1546 759 1609 ehalumeau
774 1564 803 1608 a.
833 1547 922 1609 Usus
948 1547 1163 1624 Sangerman.
1185 1549 1221 1610 in
1237 1547 1372 1612 Probat.

209 1668 223 1702 «
247 1645 331 1707 Hist.
349 1643 499 1724 ejusdem
513 1642 667 1706 abbatiae
681 1660 753 1724 pag.
773 1644 901 1706 CXLIX
916 1644 979 1707 col.
995 1646 1011 1707 Ι
1028 1662 1034 1705 :
1060 1648 1199 1714 Quando
1213 1649 1377 1711 diaconus

209 1761 224 1803 r
246 1741 564 1816 communicaverit,
580 1745 653 1816 ipse
667 1745 809 1818 accipiet
824 1746 974 1814 calicem
993 1743 1025 1804 et
1041 1746 1131 1817 seret
1142 1759 1252 1820 supra
1266 1746 1378 1808 altare

208 1860 224 1903 ‹
245 1842 457 1916 matutinale,
468 1841 693 1903 etcanventus
701 1843 759 1902 ibit
770 1843 975 1916 ittuopotum
985 1856 1063 1903 curn
1071 1842 1207 1918 tuqurio
1215 1846 1377 1920 aruenteo

207 1963 222 1997 α
244 1944 432 2003 seeundum
445 1942 533 2014 quod
547 1942 613 2013 ipsi
628 1937 1016 2018 communicaverintlil.
1038 1964 1050 1995 »

246 2039 384 2100 Gentem
419 2037 520 2114 igitur
552 2035 730 2099 verborum
765 2037 971 2117 repperimus
1008 2056 1014 2098 :
1053 2040 1170 2115 tupum
1196 2039 1377 2120 (Ciceronis

205 2137 367 2217 aequale),
384 2140 614 2212 tuaeitarium,
633 2139 810 2212 inparium
821 2135 930 2213 (Medii
944 2136 1049 2219 Aevi),
1067 2141 1172 2212 tuuau
1183 2137 1376 2221 (nostrum),

104 2262 106 2266 ⁴
206 2238 300 2298 tueco
315 2238 349 2298 et
363 2233 500 2298 tuetano
516 2234 732 2315 (Hispanico),
750 2235 867 2297 tutona
884 2234 1153 2316 (Lusitanicum).

245 2336 341 2407 Item,
356 2332 432 2395 libri
446 2338 486 2395 de
499 2332 713 2409 Proprietate
734 2348 933 2409 sermonum
947 2333 1070 2395 lemma
1085 2351 1113 2395 e.
1132 2351 1163 2410 g.
1181 2338 1237 2397 162
1258 2354 1300 2398 ex
1319 2354 1378 2399 an-

207 2432 300 2510 tiquo
315 2434 452 2493 auctore
467 2432 525 2510 qui
538 2431 663 2492 interiit
676 2430 759 2492 haec
775 2429 875 2492 verba
890 2432 1055 2510 excerpsit
1072 2450 1078 2491 :
1098 2455 1111 2486 α
1129 2435 1221 2495 Inter
1233 2436 1379 2511 stipula·

207 2531 343 2604 tionem,
368 2530 672 2605 restipulationem,
703 2530 980 2601 astipulationem
1002 2531 1035 2590 et
1060 2531 1378 2606 cornttpuiationem

206 2627 270 2689 hoc
283 2627 421 2689 interest
435 2625 524 2705 quod
541 2625 712 2705 stipulatio
727 2629 856 2688 certum
875 2625 976 2689 habet
998 2627 1219 2703 intellectum,
1237 2630 1379 2710 restipu-

160 2769 162 2772 .
207 2725 298 2799 latio,
315 2725 343 2786 si
359 2723 454 2786 aliter
469 2725 512 2786 sit
530 2722 657 2786 iactum
678 2740 781 2803 quam
804 2727 982 2800 convenii;
1002 2726 1206 2805 astipulatio,
1229 2727 1378 2807 ejusdem

207 2823 368 2903 pecuniae
391 2825 430 2883 ut
453 2822 506 2884 vel
530 2822 613 2884 alter
639 2820 786 2902 praes(l)
810 2839 882 2885 esse
897 2825 1017 2903 possit;
1034 2825 1283 2905 constipulati0,
1299 2844 1379 2889 con-

207 2919 359 3000 tractatii)
373 2920 592 3000 restipulatio,
609 2921 637 2981 si
653 2936 720 2999 qua
733 2919 809 2982 dolo
822 2920 911 2982 malo
926 2918 1023 2983 sacta.
1045 2944 1056 2976 s

246 3018 339 3090 Quod
353 3018 486 3093 lemma,
500 3019 587 3080 inter
607 3018 673 3080 alia
682 3016 735 3098 (6),
752 3017 882 3079 videtur
896 3022 1014 3080 auctor
1027 3017 1104 3081 libri
1119 3021 1225 3083 nostri
1240 3039 1378 3103 excerp·

206 3118 288 3181 sisse
312 3135 353 3179 ex
377 3118 417 3179 iis
444 3115 646 3178 Differentiis
675 3133 759 3195 quas
786 3116 890 3195 aliqui
912 3117 1184 3197 conscripserunt
1210 3120 1377 3196 consulti;

206 3218 293 3279 inter
316 3233 401 3296 quos
426 3215 599 3277 nominare
622 3215 700 3276 licet
728 3214 879 3276 Salvium
904 3215 1080 3277 Julianum
1108 3219 1279 3279 auctorem
1302 3217 1379 3281 libri

205 3319 246 3378 de
261 3314 568 3392 Ambipuitatitus(
589 3312 612 3394 ).

236 3536 270 3600 (1)
284 3536 358 3598 Mign.
375 3540 393 3585 i.
405 3534 445 3597 83,
461 3534 508 3586 col.
522 3534 592 3597 1375,
608 3544 637 3582 n⁰
652 3533 720 3585 1579.

238 3625 271 3690 (2)
281 3624 330 3673 Nos
341 3637 399 3672 vero
413 3623 551 3687 inparium
561 3624 690 3688 legendum
705 3638 759 3673 esse
772 3625 925 3687 suspicamur
940 3623 1042 3674 intexta
1052 3639 1123 3688 quem
1134 3626 1224 3690 allegat
1238 3627 1274 3676 Du
1286 3631 1377 3694 Gange.

237 3713 271 3776 (3)
286 3713 321 3762 De
336 3728 381 3762 usu
398 3712 439 3762 illo
456 3713 486 3762 cl.
502 3714 533 3762 du
549 3713 630 3776 Cange
646 3729 670 3762 s.
688 3728 712 3763 v.
730 3712 835 3762 Fistula
850 3715 861 3763 l
880 3727 886 3761 ε
904 3728 916 3760 a
931 3714 1053 3776 Excerpta
1073 3729 1103 3778 er
1120 3715 1217 3764 Divion.
1235 3717 1334 3780 discipl.
1355 3720 1379 3769 ln

205 3786 260 3836 Vei.
276 3784 378 3847 Discipl.
396 3789 499 3834 monast.
519 3799 544 3847 p.
561 3784 629 3833 369:
646 3784 867 3834 Utrribdiaconus
886 3798 978 3846 pacem
997 3787 1110 3848 accepit,
1130 3787 1262 3836 Fistulam
1282 3804 1378 3850 arpen·

207 3859 285 3918 team,
300 3870 359 3904 cum
376 3869 430 3919 qua
443 3856 553 3919 sanquis
574 3855 678 3903 Domini
699 3855 766 3904 ebibi
784 3854 855 3916 solet,
875 3857 903 3903 in
921 3854 1028 3904 sacculo
1048 3855 1081 3928 de
1096 3870 1187 3920 panno
1206 3858 1377 3909 mundissimo

205 3927 242 3977 ad
256 3927 304 3977 boc
319 3928 406 3990 ipsum
427 3927 497 3989 sarto
515 3927 687 3985 reconditum,
704 3927 736 3975 de
755 3926 899 3976 armariolo
922 3927 1040 3976 Diacono
1063 3927 1162 3989 desert.
1178 3948 1190 3971 a
1210 3929 1321 3994 Denique
1338 3932 1375 3982 Du

206 4000 287 4063 Gange
298 3999 381 4048 laudat
395 3998 531 4047 Conrndum
546 3999 570 4046 in
581 3998 701 4047 Chronico
712 3998 852 4062 Mogontiuo
869 4015 876 4049 ε
894 3997 979 4046 Erunt
997 3998 1104 4062 fistutm
1125 3999 1241 4065 quinque
1256 4001 1292 4050 ad
1305 4017 1377 4052 com-

206 4070 395 4120 municandum
408 4076 548 4133 arpenteae
564 4069 721 4119 deauratae.

237 4159 271 4224 (l)
284 4159 346 4209 Mira
365 4159 416 4208 edit
432 4159 470 4219 (ut
486 4159 626 4221 plerumque
645 4160 669 4206 in
693 4159 755 4207 libro
776 4160 869 4220 nostro)
889 4159 1018 4209 Arevalus.
1030 4159 1120 4208 Toxlus
1136 4160 1264 4223 evulgatus
1277 4162 1375 4225 quidem

206 4234 245 4277 esi
258 4228 300 4277 sed
312 4242 435 4291 nunquam
452 4232 564 4277 accurate
579 4228 670 4276 editus.

235 4317 269 4382 (5)
285 4317 324 4367 Cf:
340 4317 440 4379 Digesta
452 4317 582 4368 Justiniaui
598 4317 670 4374 XLV,
691 4317 712 4376 l,
732 4317 762 4365 52
775 4317 822 4380 (ed.
844 4317 987 4379 Mommsen,
1005 4317 1075 4378 1870,
1089 4319 1140 4367 vol.
1164 4318 1193 4375 ll,
1215 4335 1242 4383 p.
1261 4320 1327 4384 aiil,
1343 4323 1376 4374 ln

205 4387 447 4439 conventionalibue
455 4386 672 4452 stipulationibus
685 4390 835 4437 contractui
846 4391 963 4452 formam
978 4388 1162 4440 contrahentes
1172 4390 1248 4442 daut.

235 4479 269 4541 (6)
285 4480 325 4532 cf.
339 4496 364 4530 e.
383 4493 406 4542 g.
422 4478 586 4528 Differentiam
603 4478 665 4527 inter
677 4477 760 4534 nubit,
777 4477 895 4537 denubit,
911 4478 1010 4528 enubit.

236 4568 270 4632 (7)
287 4569 321 4619 De
336 4568 418 4618 Salvio
428 4567 524 4618 Juliano
541 4566 682 4616 disserimus
697 4567 722 4616 in
736 4566 800 4617 thesi
815 4571 898 4618 nostra
911 4568 1007 4631 gallica,
1023 4583 1048 4631 p.
1066 4568 1118 4618 106.
