3256 5460
516 574 557 621 nr
579 574 786 626 soluotusus
808 576 847 624 m
868 575 911 622 ns
931 574 1109 623 contusus.
1358 557 1398 624 39

232 754 339 815 cuiide
351 749 595 813 declinationis.
605 748 678 831 (1)»
708 749 870 826 Ceterum,
900 753 1016 813 utrum
1040 750 1122 813 haee
1150 751 1210 812 Vl³
1231 749 1329 813 editio
1355 750 1396 812 sit

232 847 345 912 eadem
358 851 461 929 atque
475 846 573 910 editio
589 864 691 928 quam
704 853 867 913 memorat
881 848 1045 925 Halmius,
1070 848 1194 926 ambigi
1208 866 1309 930 supra
1322 865 1396 912 mo-

232 944 435 1027 nuimusti).

267 1044 430 1106 Ultimam
459 1063 537 1108 vero
564 1045 749 1109 editionum
781 1045 892 1108 «sine
911 1062 1033 1109 anno»
1069 1044 1314 1126 publicatarum
1349 1046 1397 1110 sie

232 1141 387 1206 describit
401 1143 543 1208 Orellius
556 1163 562 1205 :

264 1277 303 1286 -
317 1241 427 1322 (VIIa
441 1241 540 1304 editio
557 1243 662 1305 nostri
677 1243 888 1324 conspectus)
904 1262 910 1303 :

268 1358 284 1399 ‹
305 1373 347 1385 -
368 1356 397 1402 s.
414 1345 436 1402 t.
452 1343 484 1404 et
499 1357 532 1403 a.
550 1345 579 1403 4.
598 1345 810 1406 Cedaliona.
828 1347 855 1417 Γ.
874 1343 931 1404 56.
948 1358 1055 1405 verce.
1080 1344 1136 1403 55.
1166 1343 1275 1405 ternis
1298 1343 1334 1405 iu
1348 1358 1400 1405 co·

229 1443 363 1502 turtinis.
393 1443 477 1503 Crem
490 1441 615 1517 siponi.
637 1443 759 1516 Incipit
783 1444 811 1515 Γ.
830 1442 893 1502 ta.
920 1440 1007 1521 (crim
1025 1444 1112 1519 ripn.
1134 1441 1206 1522 A.):
1224 1443 1268 1503 (ll
1290 1439 1399 1504 Cicero

231 1537 366 1600 Veturio
380 1536 438 1600 luo
455 1537 617 1600 Salutem.
633 1545 670 1601 F.
682 1540 728 1602 26
743 1544 773 1601 b.
790 1539 835 1601 (ΙΙ
850 1540 952 1602 Finis.
964 1545 998 1602 F.
1010 1540 1053 1604 27
1066 1556 1098 1601 a.
1111 1539 1204 1618 (cum
1219 1539 1304 1616 sign.
1318 1539 1399 1619 Dur)

231 1639 272 1700 (ll
286 1638 336 1699 Do
350 1635 545 1716 differentiis
560 1634 724 1698 Ciceronis
743 1637 778 1699 in
794 1636 895 1700 rebus
913 1636 1038 1701 dubiis.
1058 1642 1093 1701 ll’.
1107 1638 1151 1701 29
1163 1642 1192 1699 b.
1209 1656 1221 1699 .·
1237 1641 1341 1700 linis.
1360 1641 1396 1702 ll’.

230 1739 274 1798 to
287 1753 332 1799 a:
347 1735 392 1797 (Il
410 1733 666 1796 Bartholomeus
687 1733 810 1797 Fabius
834 1735 953 1797 loanni
977 1733 1109 1798 Iacobo,
1137 1737 1226 1797 Finit
1249 1739 1276 1809 Γ.
1294 1735 1339 1796 56
1355 1738 1372 1798 b
1387 1754 1399 1797 .·

230 1851 332 1898 versu
347 1834 413 1894 55:
431 1831 456 1892 li
469 1830 529 1894 deo
544 1831 692 1895 debetur.
709 1836 775 1896 Sub
790 1836 842 1896 tris
859 1850 865 1894 :
883 1834 985 1896 Finis.
1013 1857 1027 1889 s

269 1933 345 1996 Una
357 1946 436 1994 cum
451 1930 572 1992 Hainio
588 1929 638 2010 (n0
653 1931 762 2010 5352),
786 1932 821 1992 in
848 1932 911 1994 hac
933 1934 1010 1994 ppp
1024 1931 1167 1995 editione
1185 1930 1400 1996 describenda

228 2030 442 2095 doctissimus
452 2027 504 2088 vir
518 2028 660 2091 Orellius
674 2032 791 2109 peccat
803 2030 924 2092 mendo
937 2031 1188 2112 typographico,
1205 2030 1397 2107 dividetur,

230 2146 298 2191 uno
313 2127 432 2190 saliem
450 2143 456 2186 :
474 2124 602 2188 scilicet
616 2143 788 2207 perperam
804 2127 936 2207 scripsit
953 2148 959 2188 :
976 2148 991 2187 ‹<
1007 2127 1262 2192 Bartholomeus
1275 2132 1399 2192 Fabius

227 2226 346 2290 loanni
362 2221 496 2287 lacobo.
516 2241 531 2283 t
553 2225 686 2287 Etenim
700 2225 740 2288 de
755 2224 958 2289 Differentiis
979 2227 1224 2289 Bartholomaei
1240 2228 1330 2290 retii
1344 2228 1398 2289 hic

226 2326 346 2403 agitur,
367 2325 405 2385 ut
418 2318 637 2384 manifestum
651 2325 702 2385 esi
715 2323 838 2400 legenti
853 2327 1071 2403 conspectum
1082 2324 1240 2388 editionis
1252 2343 1272 2387 a
1286 2326 1399 2389 Domi·

228 2425 304 2486 uico
333 2421 488 2485 Nicolino
516 2436 547 2481 a.
574 2421 650 2484 4564
677 2419 889 2501 publicatae:
907 2425 988 2484 sunt
1011 2423 1101 2484 enim
1123 2421 1241 2486 ambae
1254 2441 1397 2502 sorores,

228 2538 424 2609 quanquam
438 2522 521 2584 haec
536 2521 676 2600 septima
691 2522 805 2582 nostra
828 2521 962 2583 sacculo
986 2519 1093 2601 major
1118 2524 1178 2584 cst.
1201 2524 1284 2584 Cum
1298 2523 1399 2600 igitur

228 2623 378 2683 nostram
406 2619 584 2683 editionem
612 2620 710 2681 Vllam
740 2617 881 2682 Orellius
911 2636 979 2681 non
1009 2637 1076 2699 qua
1110 2620 1195 2683 solet
1226 2621 1398 2699 diligentia

229 2718 450 2799 descripserit,
480 2719 637 2781 lectorem
664 2735 808 2798 aequum
836 2718 1037 2781 remittimus
1069 2718 1109 2781 ad
1142 2719 1397 2800 descriptionem

229 2817 470 2893 Nicolinianae,
487 2834 589 2898 quam
604 2815 690 2879 inira
704 2806 976 2898 exponemus(3).

290 3116 365 3186 ull.
383 3148 422 3158 —
434 3111 493 3176 llii
510 3110 637 3175 saeculi
654 3109 803 3190 ejusdem
818 3113 1041 3173 recensentur
1055 3109 1223 3176 editiones
1244 3127 1329 3192 quae

555 3209 636 3274 anni
652 3213 766 3274 notam
781 3225 862 3290 prae
877 3225 914 3273 se
929 3209 1055 3274 lerunt.

266 3454 300 3517 1.
331 3487 370 3497 —
399 3457 448 3516 De
462 3453 638 3516 editione«
660 3453 779 3516 Marci
808 3453 920 3515 Tullii
945 3451 1176 3516 Ciceronis»
1200 3453 1323 3517 libelli
1350 3455 1394 3518 de

227 3552 428 3617 dictionum
442 3551 739 3629 proprietatibus
753 3567 784 3613 α.
807 3552 893 3613 4485
906 3567 1033 3614 emensa
1051 3552 1084 3613 et
1097 3555 1138 3614 cte
1151 3553 1295 3615 editione
1316 3555 1395 3615 libri

214 3672 249 3738 ⁵«
263 3651 450 3715 ciceronis
472 3668 492 3708 »
517 3651 562 3713 de
582 3649 879 3727 proprietatibus
902 3650 1148 3714 terminorum
1173 3667 1206 3712 a.
1227 3650 1312 3713 4488
1327 3653 1392 3714 im·

224 3766 356 3828 pressa.
376 3784 412 3793 -
437 3751 524 3810 Ante
548 3765 650 3828 quam
670 3749 710 3810 de
724 3749 817 3811 VllI³
831 3747 974 3810 editione
997 3751 1111 3811 nostra
1124 3766 1154 3811 a.
1180 3751 1253 3812 4483
1269 3767 1395 3812 excusa

226 3851 368 3926 agimus
384 3847 655 3927 operaepretium
670 3848 721 3909 est
730 3846 921 3909 meminisse
934 3846 1071 3908 doctum
1084 3847 1193 3909 virum
1206 3845 1394 3911 Fabricium

227 3949 262 4010 in
277 3947 330 4010 his
345 3945 444 4008 rebus
455 3962 490 4008 se
504 3943 659 4024 praebere
670 3947 787 4006 testem
798 3962 865 4006 non
876 3945 974 4007 modo
988 3963 1054 4006 uon
1066 3945 1266 4025 locupletem
1277 3964 1394 4009 verum

227 4046 328 4109 ctiam
343 4043 506 4107 fallacem.
523 4047 796 4117 Spiioupmornm
808 4060 885 4120 ergo
898 4044 1076 4106 editionem
1093 4068 1106 4100 l
1124 4061 1152 4106 a.
1172 4047 1249 4106 1482
1265 4044 1394 4108 Paduae

225 4160 283 4224 per
310 4142 430 4205 Matth.
464 4140 619 4203 Cerdonis
651 4163 663 4194 u
694 4139 800 4203 forma
829 4141 1083 4221 quadruplicata
1106 4141 1310 4221 publicatam
1338 4144 1393 4206 hic

253 4367 288 4432 (4)
302 4367 399 4418 Lemma
412 4364 532 4428 integrum
547 4363 744 4428 transcripsimus
755 4378 831 4428 supra
841 4379 868 4428 p.
886 4363 926 4414 34.

254 4465 289 4530 (2)
302 4463 339 4516 Gi.
355 4476 429 4527 supra
443 4462 487 4511 sub
503 4460 567 4513 n0l.

254 4562 288 4628 (3)
304 4560 366 4613 Vide
380 4560 444 4612 inire
456 4564 469 4622 5
483 4559 524 4622 IV,
538 4558 589 4612 34.
