3256 5460
673 635 715 679 na
736 633 954 679 rusrlnouns
1255 649 1257 652 ⁴
1365 615 1408 686 ia

231 829 314 876 num
328 809 481 890 sequitur
495 807 644 869 ordinem
658 805 801 880 Arevali‚
818 823 837 867 a
852 821 919 884 quo
934 807 1078 886 saepius,
1101 799 1140 872 ut
1154 811 1311 887 vidimus}
1332 809 1405 875 dis·

231 913 344 990 crepat
371 907 563 985 Hagenius3
594 906 675 966 item
699 901 844 966 Beckius
869 902 1008 967 lacunas
1036 907 1152 971 sedulo
1190 911 1405 986 Hagenianas

230 1009 353 1090 explet,
369 1005 458 1086 quod
470 1003 668 1090 jampridem
693 1000 841 1064 fecerant
864 1003 1026 1065 Arevalus
1054 1007 1088 1067 et
1110 1006 1343 1084 Gothofredus‚
1367 1011 1406 1070 ut

232 1109 358 1189 priores
372 1105 577 1168 omittamus.

271 1208 400 1285 Itaque,
427 1205 467 1265 ut
491 1201 755 1280 triumphaverat
778 1200 950 1276 Hagcnius
977 1203 1203 1279 «evulgans»
1236 1207 1404 1284 evulgata,
1439 1222 1441 1232 ¹

231 1305 278 1367 ita
304 1300 450 1365 Beckius
480 1285 604 1371 o'vavit,
635 1296 768 1376 expleta
794 1297 944 1376 explens.
975 1299 1044 1361 Nos
1072 1318 1161 1377 vero,
1184 1304 1242 1382 qui
1266 1307 1406 1381 gregarii

228 1401 345 1463 militis
358 1415 461 1473 more,
478 1394 716 1475 triumphalem
725 1411 882 1474 pompam
889 1395 976 1474 jocis
989 1399 1173 1476 sequimur,
1183 1399 1276 1463 decet
1290 1404 1404 1464 memi-

227 1500 319 1562 nisse
332 1494 506 1568 Beckium,
521 1493 785 1556 eruditissimum
800 1493 922 1568 virum,
947 1493 987 1555 de
1011 1495 1168 1577 studiosis
1192 1497 1401 1562 Differentia-

226 1615 302 1660 rnm
317 1596 442 1676 optime
456 1592 636 1654 meruisse:
651 1589 749 1670 cujus
760 1590 925 1670 opuscula
933 1593 981 1654 tot
991 1595 1024 1653 et
1039 1595 1136 1657 toties
1152 1595 1343 1671 laudamus(
1366 1599 1389 1677 t.

226 1699 382 1759 Attamen
407 1693 435 1754 si
458 1688 604 1753 Beckius
628 1687 827 1750 contulisset
850 1706 930 1751 cum
944 1690 1089 1754 editione
1104 1695 1302 1757 Arevaliana
1317 1694 1402 1774 frag·

227 1795 380 1856 mentum
395 1789 477 1851 illud
494 1787 581 1868 quod
597 1787 718 1863 legitur
741 1787 828 1848 inter
852 1785 932 1850 folia
957 1793 993 1851 28
1019 1792 1052 1851 et
1074 1793 1111 1852 32
1133 1791 1256 1856 codicis
1278 1795 1405 1857 Monte-

228 1890 398 1973 pessulani
413 1888 443 1949 H
460 1891 516 1950 306
524 1886 595 1966 jam
611 1885 736 1947 laudati
743 1884 790 1963 (2)
801 1884 864 1948 sub
880 1887 978 1948 titulo
996 1905 1002 1947 :
1023 1907 1037 1949 a
1054 1893 1226 1967 Incipiunt
1240 1895 1407 1969 Differen-

229 1995 307 2053 tiae
332 1987 566 2052 Interdictum
587 1986 619 2047 ct
640 1986 800 2046 timorem
814 1985 846 2045 et
863 2001 1030 2061 pavorem
1047 1985 1129 2068 alst)
1146 1991 1274 2068 poterat
1297 1991 1406 2054 multo

229 2088 364 2151 brevius
388 2084 549 2160 redegisse
576 2101 591 2141 a
621 2082 730 2144 varias
754 2081 915 2145 lectiones
939 2101 954 2144 r
977 2101 1056 2146 suas
1081 2086 1209 2166 :quod
1232 2091 1265 2150 et
1287 2089 1350 2169 ipsi
1374 2093 1407 2152 et

232 2185 329 2250 nobis
343 2184 457 2247 minus
473 2181 654 2244 molestum
668 2178 798 2242 fuisset.

271 2285 443 2347 Lemmata
462 2281 551 2344 enim
572 2278 736 2342 CXXVIII
755 2277 890 2358 praebet
912 2278 1139 2357 fragmentum
1164 2300 1260 2362 quae,
1277 2288 1406 2364 praetor

233 2387 278 2447 IX
292 2383 409 2464 prima,
426 2380 576 2443 ordinem
591 2379 781 2457 sequuntur
800 2378 1047 2440 Arevalianum.
1071 2389 1162 2450 Quae
1180 2383 1311 2445 utinam
1325 2385 1405 2445 Bec-

232 2482 309 2544 kius
325 2479 458 2557 singula
472 2477 678 2554 designasset
698 2476 857 2552 numeris
874 2479 913 2537 nt
928 2475 1025 2540 l’acile
1044 2484 1281 2554 agnosceretur
1295 2482 1404 2561 quails
1462 2545 1465 2548 ,

232 2582 275 2645 sit
289 2581 486 2643 lemmatum
501 2576 601 2639 series
620 2576 655 2636 in
678 2574 750 2653 ipso
770 2573 883 2636 codice
905 2576 1215 2656 Montepessulanol
1239 2580 1404 2643 Numeros

231 2684 307 2746 illos
322 2680 565 2761 supplevimus
581 2680 614 2739 et
628 2675 830 2738 benevolum
846 2676 1004 2739 lectorem
1019 2695 1175 2755 rogamus
1190 2684 1228 2743 ut
1243 2683 1312 2762 ipse
1326 2700 1404 2763 sup-

231 2782 329 2862 pleat,
347 2779 495 2841 romanis
511 2775 645 2856 quidem
660 2774 821 2849 numeris
838 2792 906 2854 quo
923 2776 1133 2840 commodius
1154 2777 1405 2857 distinguantur

231 2878 399 2943 BeckIana
415 2876 573 2938 lemmata
587 2875 747 2936 anostris
763 2889 849 2951 quae
864 2875 1012 2936 numeris
1027 2879 1189 2952 arabicis,
1205 2881 1243 2938 ut
1257 2895 1402 2940 consue-

232 2978 354 3050 vimus,
371 2990 501 3053 semper
514 2976 547 3035 et
562 2989 671 3051 usque
685 2968 887 3054 notabimus.

271 3073 452 3153 Archetypi
481 3087 582 3150 quem
609 3068 708 3130 modo
736 3069 943 3131 restituimus
972 3072 1081 3149 partes
1113 3072 1220 3151 prima
1249 3076 1283 3135 et
1308 3074 1404 3136 tertia

231 3173 330 3253 plane
351 3174 452 3250 atque
475 3168 645 3249 aptissime
667 3182 747 3228 cum
775 3164 961 3242 fragmento
990 3166 1047 3229 illo
1074 3171 1292 3232 consentiunt
1315 3171 1404 3251 quod

230 3269 430 3348 BeckIustl)
445 3286 464 3331 e
478 3267 590 3329 codice
605 3265 898 3344 Montepessulanc
915 3267 1011 3327 eruit.

273 3369 351 3432 Sola
366 3365 512 3430 secunda
535 3381 611 3445 pars
634 3364 758 3426 lacuna
777 3362 906 3425 laborat
924 3361 1031 3426 frusto
1046 3365 1095 3426 illi
1110 3367 1403 3447 Montepessulano

231 3467 374 3548 propria,
399 3465 521 3544 quippe
544 3464 579 3524 in
605 3479 673 3541 quo
693 3461 803 3524 desint
825 3462 983 3524 lemmata
1006 3466 1120 3526 nostra
1144 3468 1246 3528 16-48.
1273 3468 1332 3539 Ac,
1362 3483 1404 3528 ne

232 3566 309 3646 quis
330 3566 425 3645 putet
447 3561 566 3624 lolium
592 3559 715 3622 codicis
744 3576 825 3621 casu
847 3557 985 3622 fortuito
1016 3562 1181 3625 interiisse
1199 3579 1279 3625 cum
1302 3562 1403 3626 Ditio-

262 3857 295 3918 (1)
313 3856 353 3906 Ci.
371 3870 445 3917 supra
459 3857 550 3917 partem
566 3852 782 3915 bibliographicam
793 3858 817 3902 et
833 3853 895 3903 iutra
908 3868 970 3917 quae
985 3854 1094 3903 dicemus
1108 3855 1139 3904 de
1155 3855 1219 3903 illius
1234 3871 1331 3921 magna
1349 3857 1404 3907 col·

232 3927 343 3978 lectione
357 3923 597 3987 Montepessutana
613 3927 625 3983 5
640 3923 660 3973 ll
673 3923 718 3976 sub
730 3934 758 3972 n⁰
772 3923 796 3973 6.
812 3951 842 3961 -
857 3923 968 3973 Ceterum
984 3925 1091 3986 ejusdem
1107 3926 1190 3975 Beckii
1205 3929 1311 3978 recentia
1326 3943 1402 3992 opus·

229 4000 284 4049 cula
298 3999 347 4048 duo
362 3998 394 4046 de
407 3997 578 4046 Monumento
593 3997 733 4059 ancyrano
748 3995 845 4058 saepius
862 3995 1014 4045 laudavimus
1030 3994 1056 4044 in
1078 3997 1140 4046 thesi
1165 4002 1248 4047 nostra
1271 4000 1357 4062 gallica
1371 4000 1403 4052 de

230 4070 356 4131 Suetonio,
372 4081 509 4131 quanquam
521 4079 552 4114 ne
566 4065 616 4115 illic
629 4066 726 4128 quidem
738 4080 832 4130 semper
846 4069 1013 4117 consentimus
1028 4082 1082 4117 cum
1097 4068 1240 4119 doctissimo
1255 4070 1317 4120 viro.

261 4166 297 4228 (2)
314 4166 430 4227 Suprap.
449 4162 488 4221 67,
505 4177 545 4213 un.
560 4162 584 4212 5.

261 4272 294 4334 (3)
309 4271 374 4319 linis
388 4269 427 4318 hic
441 4273 478 4317 est
493 4283 499 4318 :
517 4268 591 4329 Quod
606 4267 703 4318 bestiae
718 4271 804 4319 nentri
816 4237 942 4320 dicuntur
957 4270 1074 4321 homiues
1098 4274 1187 4321 autem
1206 4272 1305 4323 rationi
1327 4275 1405 4326 oboe-

231 4343 289 4463 ῗίἰνὶσ
300 4344 383 4463 gitta
397 4341 595 4461 ξυί1ἑτειςωεηῑο
616 4340 680 4389 liber
697 4342 738 4404 qui
758 4341 898 4392 inscribitur
922 4342 1111 4408 catalogue...
1136 4342 1181 4393 des
1204 4343 1402 4409 departements

261 4522 294 4586 (i)
314 4523 362 4572 Cur
381 4521 516 4570 scrIbumus
536 4539 549 4564 α
566 4519 723 4570 Bactrianum
748 4524 939 4587 fragmentum,
957 4523 1080 4572 Beckium
1098 4544 1109 4567 u
1125 4525 1236 4588 quamvis
1252 4540 1352 4588 agamus
1373 4527 1404 4575 dc

231 4616 243 4639 «ι
257 4597 337 4658 parte
354 4598 400 4642 tta
413 4591 512 4642 codicia
526 4592 780 4656 Montepessutanill
798 4593 845 4644 306
856 4613 879 4656 u,
894 4595 1032 4659 explicatur
1045 4597 1109 4646 inira
1121 4610 1146 4659 p.
1161 4595 1201 4660 76,
1216 4596 1272 4647 adn.
1288 4596 1312 4647 2.
