3256 5460
663 608 705 655 na
725 606 944 654 rnsrruonns.
1351 587 1391 651 67

263 781 323 844 Cui
337 781 460 844 lacuna
472 781 578 843 inerat
594 798 662 842 non
685 781 732 843 ita
746 798 858 861 parva,
875 796 961 860 quae
985 777 1218 858 absumpserat
1236 776 1394 839 lemmata

225 883 339 942 nostra
353 882 476 941 ll-l'll.
497 877 678 941 Praebebat
692 881 804 941 autem
820 881 930 958 partes
945 880 1022 951 tres,
1036 891 1181 956 quarum

402 980 431 1039 Ia
446 976 640 1040 continebat
653 977 812 1039 lemmata
822 980 936 1039 nostra
949 979 1046 1038 52-59
1059 977 1092 1037 et

384 1077 430 1138 112
466 1111 504 1123 -
545 1110 586 1122 -
632 1076 790 1138 lemmata
808 1078 923 1138 nostra
938 1077 1006 1137 1-51
1025 1073 1161 1137 etit-la
1176 1073 1234 1153 (l),
1342 1082 1344 1087 ⁴

504 1178 582 1238 ante
596 1175 766 1249 lacunam,
780 1173 898 1236 deinde
913 1175 989 1253 post
1003 1173 1096 1234 illam

365 1275 429 1335 IIIa
443 1273 637 1336 continebat
653 1274 812 1335 lemmata
826 1275 941 1335 nostra
956 1269 1150 1352 tra-man).

325 1371 509 1451 Archetypi
519 1371 611 1433 illius
626 1371 797 1450 exemplar
811 1369 908 1433 nobis
925 1371 1028 1432 restat
1041 1369 1146 1432 codex
1162 1384 1263 1448 quem
1292 1373 1321 1431 n
1341 1385 1399 1429 vo·

226 1468 378 1531 cavimus
388 1473 421 1530 et
435 1469 494 1549 qui
508 1468 652 1532 eundem
680 1468 829 1532 ordinem
844 1467 999 1549 praebet;
1028 1484 1146 1530 verum
1174 1467 1344 1529 enimvero
1362 1466 1398 1527 in

227 1563 294 1629 fine
308 1584 369 1629 suo
384 1571 531 1630 reservat
544 1585 583 1630 ao
596 1568 741 1630 restituit
756 1567 913 1630 lemmata
927 1570 1044 1630 ‘li-lli
1062 1583 1149 1646 quae
1172 1564 1400 1628 desiderantur

226 1655 260 1716 in
276 1655 451 1718 Handiano
467 1659 500 1718 et
523 1657 718 1733 Hageniano
738 1660 771 1719 et
793 1656 963 1719 Bcckiano
986 1654 1191 1733 fragmentis.
1219 1654 1309 1725 Quae
1333 1670 1400 1733 quo

227 1745 324 1807 modo
340 1749 406 1808 tres
420 1746 593 1827 archetypi
607 1749 716 1826 partes
732 1747 922 1826 exprimant
937 1763 1030 1808 nunc
1045 1743 1252 1807 rimabimur.

265 1906 303 1969 2.
319 1912 595 1970 -Honnannm
608 1910 844 1984 fragmentum
854 1924 932 1970 cnm
946 1908 1130 1982 arcnetnpo
1154 1906 1345 1980 confertur.
1361 1937 1401 1949 —

229 2004 444 2067 Handianum
458 2004 592 2085 quidem
604 2003 839 2082 fragmentum,
853 2005 985 2068 duobus
998 2005 1071 2067 aliis
1086 2003 1232 2078 brevius,
1244 2002 1402 2064 lemmata

230 2104 345 2165 LXXV
361 2121 429 2165 non
445 2103 848 2185 amplius(3)suppedifat.
860 2107 950 2176 Quae
960 2106 1091 2166 utinam
1102 2089 1253 2165 Handius
1268 2100 1401 2176 singula

229 2191 369 2255 ordinali
381 2211 519 2255 numero
543 2193 770 2256 distinxissetl
787 2194 881 2265 Quod
895 2210 973 2257 cum
998 2192 1181 2270 neglexerit
1195 2208 1257 2253 nos
1271 2190 1400 2266 egimus

228 2290 431 2352 effectorem
448 2290 649 2353 benevolum
664 2308 821 2368 rogamus
835 2295 873 2354 ut
884 2293 955 2372 ipse
970 2294 1065 2368 agat:
1082 2290 1146 2352 hac
1161 2289 1252 2351 enim
1266 2287 1401 2350 demum

229 2389 679 2469 numeratione(l)suppleta‚
700 2388 797 2452 facile
807 2390 1018 2465 intellegetur
1029 2404 1195 2469 quaenam
1205 2387 1289 2449 ratio
1301 2386 1402 2447 inter-

231 2486 325 2548 cedat
336 2487 424 2548 inter
439 2486 589 2548 ordinem
599 2486 798 2549 lemmatum
807 2490 998 2551 nostrorum
1013 2490 1046 2549 et
1060 2485 1314 2548 Handianornm
1328 2483 1402 2544 illo-

230 2602 306 2648 rum
320 2585 433 2665 qualia
444 2584 627 2647 decurrunt
640 2586 728 2648 inter
742 2584 844 2648 finem
865 2586 936 2649 folii
951 2589 988 2648 58
1001 2585 1088 2648 versi
1112 2587 1144 2647 et
1156 2583 1274 2646 folium
1292 2585 1325 2644 tl
1347 2597 1402 2643 co

231 2684 313 2747 dicis
326 2683 611 2763 Montepessulani
626 2685 656 2744 H
682 2688 738 2747 306
753 2685 878 2747 saeculi
893 2687 939 2748 IX
954 2683 1018 2748 sub
1034 2683 1132 2745 titulo
1146 2701 1162 2743 a
1179 2684 1308 2745 Incerti
1322 2697 1402 2744 auc-

229 2783 315 2846 ianis
339 2787 380 2845 ae
402 2783 612 2858 Differentttc
628 2798 760 2846 vocam.
789 2785 885 2846 Inter
899 2789 1071 2847 ancilium
1099 2784 1129 2844 et
1141 2784 1355 2858 praestatum
1370 2783 1402 2843 et

229 2879 504 2962 mactatam(ti).»
521 2880 674 2943 aeterum
689 2881 840 2945 Handius
856 2883 997 2944 unicum
1010 2883 1103 2943 hunc
1114 2877 1336 2959 codicem(vel
1345 2895 1403 2959 po-

262 3065 297 3128 (l)
313 3066 410 3115 Lemma
423 3065 522 3128 quidem
535 3064 566 3115 ‘18
580 3071 690 3115 nostrum
704 3066 769 3131 apud
784 3067 918 3130 Hagenium
933 3067 1068 3129 reperitur;
1080 3064 1123 3114 sed
1140 3077 1168 3113 eo
1181 3049 1265 3112 carent
1282 3063 1402 3124 Handius,

232 3134 345 3199 Bactrius,
373 3135 486 3195 Rothius,
508 3150 570 3199 quos
593 3137 723 3187 abeodem
743 3139 876 3202 archetypo
904 3138 1008 3201 pendere
1032 3136 1163 3197 docemus3
1190 3134 1256 3198 apud
1269 3133 1403 3199 Hagenium

232 3208 306 3257 eliam
323 3208 348 3257 id
359 3208 446 3257 lemma
457 3208 536 3257 locum
547 3208 643 3257 obtinet
654 3210 695 3272 qui
706 3224 765 3258 suus
775 3224 822 3258 non
837 3212 901 3269 erat,
911 3213 936 3258 nt
950 3208 1107 3258 ostendemus
1122 3222 1145 3269 p.
1161 3205 1192 3255 69
1207 3206 1223 3255 i.

264 3297 297 3360 (2)
310 3296 408 3346 Lemma
421 3297 518 3360 quidem
533 3295 579 3348 169
593 3301 701 3346 nostrum
716 3312 769 3347 cum
780 3297 902 3347 ltotbiana
917 3296 948 3345 La
959 3296 1101 3346 Differentia
1115 3294 1219 3345 conferri
1235 3297 1315 3357 polest
1330 3309 1337 3354 3
1359 3292 1403 3341 sed

232 3382 262 3418 ao
276 3372 360 3418 carent
384 3368 515 3430 Hagenins,
539 3368 657 3432 Handius,
685 3368 845 3431 Beckius(cl.
870 3368 1051 3417 adnotationem
1075 3365 1279 3430 praecedentem).
1291 3364 1404 3414 Ceterum

232 3440 289 3489 vide
302 3440 332 3489 de
348 3439 470 3489 Rathiano
485 3454 514 3488 aa
531 3439 642 3490 lemmate
657 3455 721 3504 quae
737 3441 844 3490 dicemus
858 3454 882 3503 p.
898 3439 930 3488 75
941 3439 996 3488 adn.
1009 3438 1032 3487 1.

265 3528 299 3593 (3)
312 3529 422 3578 Handius
438 3530 502 3578 enim
517 3543 643 3592 perperam
656 3531 738 3578 omisit
751 3529 839 3581 lamma
852 3533 962 3579 nostrum
971 3527 1089 3591 llbquod
1103 3527 1206 3590 praebet
1216 3526 1295 3576 codex
1308 3525 1404 3575 Monta·

233 3599 381 3664 pessulanus
396 3600 421 3647 in
439 3604 506 3663 parte
520 3600 551 3650 ab
566 3601 620 3664 ipso
635 3601 730 3651 Handio
745 3601 818 3650 edita.
835 3599 874 3650 Cf.
893 3600 956 3648 infra
970 3599 1012 3659 §ll
1027 3599 1113 3648 subn·
1125 3599 1141 3647 5
1155 3599 1199 3649 fn.

262 3688 299 3752 (i)
314 3687 427 3738 Ceterum
437 3687 531 3739 numeri
545 3704 607 3753 quoa
622 3690 674 3752 ipse
684 3689 794 3740 Handius
804 3688 1003 3739 adnotationibus
1014 3688 1066 3736 suis
1076 3686 1192 3752 imposuit
1206 3687 1257 3738 fare
1268 3689 1405 3750 congruunt

234 3774 287 3808 cam
303 3759 390 3810 ordine
405 3761 553 3824 lemmatum,
569 3763 594 3810 in
614 3762 696 3824 priore
712 3762 796 3810 saltem
812 3760 888 3808 libelli
903 3763 986 3822 parte;
1006 3759 1049 3808 sed
1060 3760 1084 3808 in
1098 3757 1234 3823 posteriore
1249 3758 1340 3807 sensim
1350 3757 1405 3806 dis-

235 3836 344 3896 crepant.

266 3919 344 3985 (5)Ci.
357 3920 446 3970 librum
458 3923 498 3984 qui
511 3922 654 3971 inscribitur
668 3920 843 3984 catalogue...
856 3920 903 3970 dcc
918 3920 1113 3979 departemems
1123 3923 1143 3970 t.
1153 3918 1174 3978 Ι,
1189 3933 1213 3982 p.
1229 3917 1323 3981 itaqu
1340 3918 1406 3981 frag-

236 3996 316 4042 mento
326 3991 453 4041 Handiano
466 4007 591 4043 numerum
605 3993 634 4044 21
650 3993 745 4043 tribuit.
763 3992 830 4041 Finis
844 3993 883 4042 bic
895 3997 933 4041 est
949 4008 954 4041 :
970 3991 1163 4042 litteratiorem
1178 3994 1203 4039 et
1217 3988 1343 4039 vindicem
1358 3989 1406 4040 bac

235 4064 346 4113 interest
357 4063 428 4128 qnod
441 4064 596 4114 ulciscimur
620 4079 667 4114 nos
681 4066 790 4128 accepta
804 4063 907 4128 injuria
929 4063 1090 4113 vindicemus
1114 4063 1172 4123 (sic)
1187 4075 1219 4109 ne
1228 4061 1401 4124 accipiamus.

236 4135 338 4196 Eterdm,
353 4149 491 4199 quanquam
505 4136 616 4186 Handius
627 4136 800 4186 editiunculam
815 4150 882 4184 suam
894 4136 1007 4185 terminat
1018 4135 1057 4182 his
1065 4135 1148 4183 verbis
1160 4133 1319 4182 :Palaemon
1330 4147 1405 4182 accc-

238 4208 323 4264 tcnun
348 4205 461 4272 insignia
486 4207 678 4270 grammaticae
704 4220 828 4255 ramanus
852 4205 975 4267 babetur,
1004 4206 1050 4270 qai
1067 4203 1199 4270 qnondam
1214 4204 1406 4266 interrogatus,

238 4279 303 4343 qaid
316 4280 385 4328 inter
398 4278 502 4329 stillam
516 4285 540 4328 ct
564 4282 670 4343 patiam
686 4278 829 4337 interesset,
844 4280 932 4340 putta,
948 4278 1046 4343 inquit,
1067 4279 1131 4334 stat,
1146 4273 1221 4324 attila
1232 4274 1312 4332 cadit,
1327 4279 1406 4322 tamen

238 4355 375 4400 certumest
386 4351 461 4400 verbs
477 4350 520 4399 illa
537 4351 584 4402 ivel
599 4351 680 4412 potius
694 4349 744 4397 illis
758 4349 855 4412 similia)
880 4363 928 4399 non
961 4363 1016 4398 esse
1032 4348 1114 4397 ultima
1129 4347 1204 4396 libelli
1228 4361 1255 4396 n.
1269 4345 1298 4396 ‘ll
1315 4346 1407 4395 codicis

238 4422 456 4486 Montepessulani,
468 4421 511 4470 sed
526 4426 610 4470 contra
625 4422 703 4483 prima
726 4420 801 4470 libelli
817 4435 840 4468 n.
856 4420 896 4481 22,
918 4421 960 4484 qui
975 4418 1224 4483 pseudosuatanianaa
1240 4418 1342 4481 praebat
1353 4416 1407 4465 bir-

239 4493 424 4558 lerentiasqaae
438 4495 463 4542 in
477 4493 562 4542 codice
582 4492 707 4555 excipiunt
735 4491 888 4542 Handiancm
903 4492 1069 4555 fragmentum.
1100 4488 1136 4540 ct.
1160 4489 1241 4541 Beck.
1257 4488 1319 4541 1883
1334 4503 1362 4551 p.
1381 4486 1405 4552 9,

240 4562 435 4628 Reifferscheid„
450 4578 475 4627 p.
486 4562 533 4613 ⁴50
546 4566 571 4612 et
583 4562 653 4613 Roth.
669 4576 694 4625 p.
710 4561 775 4612 XCV
790 4576 815 4612 n.
830 4562 870 4614 93.
