3256 5460
260 562 299 625 12
530 580 572 624 nn
594 573 691 626 niano
713 580 755 624 nn
768 580 985 625 rnormamrn
998 579 1165 625 sannorum

301 751 374 825 sed,
406 767 602 831 quanquam
637 751 733 831 plura
758 751 858 813 etiam
886 751 1043 813 lemmata
1077 751 1220 827 allegare
1252 768 1432 832 possumus

260 867 346 930 quae
361 852 524 912 testentur
546 848 669 911 librum
690 851 843 911 nostrum
865 848 1030 912 immerito
1042 847 1084 911 ab
1099 847 1280 912 editoribus
1300 849 1433 926 neglec-

260 953 334 1011 tum
349 965 432 1023 esse,
448 948 532 1010 haec
547 947 806 1028 prolegomenon
821 945 980 1028 praelatio
992 947 1063 1026 Jam
1077 948 1208 1024 longior
1221 950 1282 1010 est.

300 1047 337 1110 ld
351 1047 453 1124 igitur
467 1048 569 1108 restat
583 1049 623 1107 ut
635 1043 780 1107 debitam
800 1062 859 1125 pro
873 1046 1018 1125 acceptis
1033 1044 1183 1108 consiliis
1204 1048 1237 1107 et
1251 1046 1386 1125 optimis
1401 1049 1434 1107 et

260 1144 435 1226 permultis
449 1145 590 1221 gratiam
603 1141 785 1206 referamus
799 1143 992 1206 doctissimo
1014 1144 1086 1205 viro
1108 1145 1212 1206 Lours
1227 1142 1358 1214 Herm,
1374 1145 1432 1204 ln-

261 1244 370 1307 stituti
383 1242 535 1304 Franoioi
551 1243 660 1315 Sorio,
677 1243 711 1302 in
725 1241 870 1318 Collegio
884 1241 1045 1303 Francioo
1056 1244 1089 1303 et
1099 1241 1133 1302 in
1145 1240 1319 1302 Facultate
1333 1241 1433 1301 Litte-

260 1359 374 1404 rarum
399 1341 633 1403 Universitatis
657 1340 851 1403 Parisiensis
878 1337 1070 1416 Professum,
1096 1339 1288 1419 philologici
1323 1339 1431 1399 Semi-

261 1440 345 1503 narii
360 1440 455 1502 latini
470 1439 632 1501 Directori
646 1439 682 1500 in
696 1437 819 1501 Sohola
832 1437 987 1499 Altorum
1003 1437 1213 1510 Studiorum3
1236 1435 1328 1499 illius
1342 1436 1433 1497 enim

262 1555 385 1601 nomen
398 1537 533 1600 laudare
546 1535 711 1600 debebant
726 1536 877 1612 singulae
892 1534 960 1598 fere
978 1537 1118 1616 paginae
1138 1533 1293 1615 opusculi
1310 1535 1432 1609 nostri3

264 1635 353 1716 quod
368 1634 487 1698 fuisset
506 1658 522 1692 «
538 1635 632 1697 omni
651 1637 744 1714 parte
764 1632 900 1696 beatum
917 1655 945 1709 a,
968 1634 995 1695 si
1021 1650 1130 1713 usque
1153 1648 1288 1712 quaque
1308 1631 1434 1711 potuis·

262 1751 374 1797 semus
390 1733 485 1813 sequi
499 1732 668 1810 egregium
682 1731 812 1793 ducem.

599 1916 805 1970 Scribebamus
820 1917 851 1968 in
865 1915 989 1968 aedibus
1004 1915 1210 1968 Rhodoneusis
1225 1915 1433 1970 universitatis

635 1996 752 2050 ultimis
767 1995 867 2048 Idibus
885 1995 1037 2062 Aprlllbus
1053 1994 1162 2048 saeculi
1174 1994 1397 2048 undevicesiml.
