<?xml version="1.0" encoding="UTF-8"?>
<!DOCTYPE html PUBLIC "-//W3C//DTD XHTML 1.0 Transitional//EN"
    "http://www.w3.org/TR/xhtml1/DTD/xhtml1-transitional.dtd">
<html xmlns="http://www.w3.org/1999/xhtml" xml:lang="en" lang="en">
 <head>
  <title>
</title>
<meta http-equiv="Content-Type" content="text/html;charset=utf-8" />
  <meta name='ocr-system' content='tesseract 3.04.00' />
  <meta name='ocr-capabilities' content='ocr_page ocr_carea ocr_par ocr_line ocrx_word'/>
</head>
<body>
  <div class='ocr_page' id='page_1' title='image "./deemendandodiff00macgoog_0046.png"; bbox 0 0 3270 5454; ppageno 0'>
   <div class='ocr_carea' id='block_1_1' title="bbox 521 573 1402 633">
    <p class='ocr_par' dir='ltr' id='par_1_1' title="bbox 521 573 1402 633">
     <span class='ocr_line' id='line_1_1' title="bbox 521 573 1402 633; baseline 0.01 -9"><span class='ocrx_word' id='word_1_1' title='bbox 521 581 563 625; x_wconf 86' lang='grc'><em>00</em></span> <span class='ocrx_word' id='word_1_2' title='bbox 587 580 792 628; x_wconf 81' lang='grc'><strong>0000000000</strong></span> <span class='ocrx_word' id='word_1_3' title='bbox 815 581 853 626; x_wconf 88' lang='grc'><em>00</em></span> <span class='ocrx_word' id='word_1_4' title='bbox 875 581 917 626; x_wconf 83' lang='lat' dir='ltr'><em>un</em></span> <span class='ocrx_word' id='word_1_5' title='bbox 938 581 1115 630; x_wconf 83' lang='lat' dir='ltr'><em>comomns.</em></span> <span class='ocrx_word' id='word_1_6' title='bbox 1139 576 1142 580; x_wconf 76' lang='grc'><em>’</em></span> <span class='ocrx_word' id='word_1_7' title='bbox 1365 573 1402 633; x_wconf 88' lang='grc'><em>37</em></span> 
     </span>
    </p>
   </div>
   <div class='ocr_carea' id='block_1_2' title="bbox 187 748 1407 2707">
    <p class='ocr_par' dir='ltr' id='par_1_2' title="bbox 231 748 1403 1111">
     <span class='ocr_line' id='line_1_2' title="bbox 272 748 1400 833; baseline 0.003 -16"><span class='ocrx_word' id='word_1_8' title='bbox 272 754 309 817; x_wconf 87' lang='lat'><em>5.</em></span> <span class='ocrx_word' id='word_1_9' title='bbox 329 754 427 815; x_wconf 84' lang='lat' dir='ltr'><em>-De</em></span> <span class='ocrx_word' id='word_1_10' title='bbox 447 756 589 829; x_wconf 81' lang='lat' dir='ltr'><em>reliquis</em></span> <span class='ocrx_word' id='word_1_11' title='bbox 606 755 806 815; x_wconf 75' lang='lat' dir='ltr'><em>editionibus</em></span> <span class='ocrx_word' id='word_1_12' title='bbox 818 769 883 816; x_wconf 79' lang='grc'><em>000</em></span> <span class='ocrx_word' id='word_1_13' title='bbox 905 756 980 816; x_wconf 84' lang='lat' dir='ltr'><em>sine</em></span> <span class='ocrx_word' id='word_1_14' title='bbox 1000 760 1084 817; x_wconf 84' lang='grc'><strong>0004</strong></span> <span class='ocrx_word' id='word_1_15' title='bbox 1107 768 1189 819; x_wconf 76' lang='lat' dir='ltr'><em>teoto</em></span> <span class='ocrx_word' id='word_1_16' title='bbox 1208 748 1400 833; x_wconf 78' lang='lat' dir='ltr'><em>prtbticotia</em></span> 
     </span>
     <span class='ocr_line' id='line_1_3' title="bbox 233 850 1403 929; baseline 0.004 -15"><span class='ocrx_word' id='word_1_17' title='bbox 233 887 272 897; x_wconf 92' lang='lat'><em>-</em></span> <span class='ocrx_word' id='word_1_18' title='bbox 288 851 444 915; x_wconf 82' lang='lat' dir='ltr'><strong>Ordinem</strong></span> <span class='ocrx_word' id='word_1_19' title='bbox 459 850 665 913; x_wconf 90' lang='lat' dir='ltr'><em>Orellianum</em></span> <span class='ocrx_word' id='word_1_20' title='bbox 684 853 799 929; x_wconf 89' lang='lat' dir='ltr'><em>postea</em></span> <span class='ocrx_word' id='word_1_21' title='bbox 818 868 1000 929; x_wconf 89' lang='lat' dir='ltr'><em>sequemur</em></span> <span class='ocrx_word' id='word_1_22' title='bbox 1014 852 1143 928; x_wconf 89' lang='lat' dir='ltr'><em>denuo;</em></span> <span class='ocrx_word' id='word_1_23' title='bbox 1160 855 1215 916; x_wconf 91' lang='lat' dir='ltr'><em>sed</em></span> <span class='ocrx_word' id='word_1_24' title='bbox 1231 857 1287 917; x_wconf 91' lang='lat' dir='ltr'><em>hio</em></span> <span class='ocrx_word' id='word_1_25' title='bbox 1301 858 1403 919; x_wconf 88' lang='lat' dir='ltr'><em>inseri</em></span> 
     </span>
     <span class='ocr_line' id='line_1_4' title="bbox 231 948 1402 1034; baseline 0.005 -22"><span class='ocrx_word' id='word_1_26' title='bbox 231 950 328 1031; x_wconf 88' lang='lat' dir='ltr'><em>jubet</em></span> <span class='ocrx_word' id='word_1_27' title='bbox 347 950 490 1012; x_wconf 86' lang='lat' dir='ltr'><em>Hainius</em></span> <span class='ocrx_word' id='word_1_28' title='bbox 514 949 694 1011; x_wconf 82' lang='lat' dir='ltr'><em>editionem</em></span> <span class='ocrx_word' id='word_1_29' title='bbox 715 948 882 1011; x_wconf 89' lang='lat' dir='ltr'><em>Zellianae</em></span> <span class='ocrx_word' id='word_1_30' title='bbox 902 951 1104 1029; x_wconf 78' lang='lat' dir='ltr'><em>persimilem</em></span> <span class='ocrx_word' id='word_1_31' title='bbox 1129 969 1231 1031; x_wconf 91' lang='lat' dir='ltr'><em>quam</em></span> <span class='ocrx_word' id='word_1_32' title='bbox 1256 959 1402 1034; x_wconf 87' lang='lat' dir='ltr'><em>praeter-</em></span> 
     </span>
     <span class='ocr_line' id='line_1_5' title="bbox 233 1047 568 1111; baseline -0.006 -1"><span class='ocrx_word' id='word_1_33' title='bbox 233 1049 326 1111; x_wconf 91' lang='lat' dir='ltr'><em>misit</em></span> <span class='ocrx_word' id='word_1_34' title='bbox 341 1047 445 1110; x_wconf 81' lang='lat' dir='ltr'><em>editor</em></span> <span class='ocrx_word' id='word_1_35' title='bbox 459 1047 568 1109; x_wconf 83' lang='lat' dir='ltr'><em>Tullii.</em></span> 
     </span>
    </p>

    <p class='ocr_par' dir='ltr' id='par_1_3' title="bbox 233 1145 1405 1324">
     <span class='ocr_line' id='line_1_6' title="bbox 276 1145 1405 1232; baseline 0.005 -24"><span class='ocrx_word' id='word_1_36' title='bbox 276 1145 530 1208; x_wconf 86' lang='lat' dir='ltr'><em>Eruditissimus</em></span> <span class='ocrx_word' id='word_1_37' title='bbox 550 1146 652 1222; x_wconf 80' lang='lat' dir='ltr'><em>igitur</em></span> <span class='ocrx_word' id='word_1_38' title='bbox 669 1149 865 1221; x_wconf 80' lang='lat' dir='ltr'><em>Repertorii</em></span> <span class='ocrx_word' id='word_1_39' title='bbox 888 1149 1154 1224; x_wconf 80' lang='lat' dir='ltr'><em>Bittiooropbiei</em></span> <span class='ocrx_word' id='word_1_40' title='bbox 1167 1153 1304 1223; x_wconf 78' lang='lat' dir='ltr'><em>auctor,</em></span> <span class='ocrx_word' id='word_1_41' title='bbox 1329 1154 1405 1232; x_wconf 89' lang='lat' dir='ltr'><em>post</em></span> 
     </span>
     <span class='ocr_line' id='line_1_7' title="bbox 233 1243 908 1324; baseline 0.001 -19"><span class='ocrx_word' id='word_1_42' title='bbox 233 1246 322 1307; x_wconf 90' lang='lat' dir='ltr'><em>banc</em></span> <span class='ocrx_word' id='word_1_43' title='bbox 337 1261 435 1307; x_wconf 88' lang='lat' dir='ltr'><em>suam</em></span> <span class='ocrx_word' id='word_1_44' title='bbox 449 1243 705 1324; x_wconf 81' lang='lat' dir='ltr'><em>descriptionem</em></span> <span class='ocrx_word' id='word_1_45' title='bbox 718 1244 885 1307; x_wconf 89' lang='lat' dir='ltr'><em>Zellianae</em></span> <span class='ocrx_word' id='word_1_46' title='bbox 902 1265 908 1306; x_wconf 94' lang='lat'>:</span> 
     </span>
    </p>

    <p class='ocr_par' dir='ltr' id='par_1_4' title="bbox 235 1343 1407 1818">
     <span class='ocr_line' id='line_1_8' title="bbox 277 1343 1405 1423; baseline 0.005 -18"><span class='ocrx_word' id='word_1_47' title='bbox 277 1363 292 1405; x_wconf 87' lang='lat'>‹</span> <span class='ocrx_word' id='word_1_48' title='bbox 315 1346 404 1405; x_wconf 81' lang='grc'><strong>5348.</strong></span> <span class='ocrx_word' id='word_1_49' title='bbox 423 1378 459 1387; x_wconf 94' lang='grc'>-</span> <span class='ocrx_word' id='word_1_50' title='bbox 475 1349 513 1405; x_wconf 83' lang='lat' dir='ltr'><em>F.</em></span> <span class='ocrx_word' id='word_1_51' title='bbox 530 1346 546 1405; x_wconf 90' lang='grc' dir='ltr'>Ι</span> <span class='ocrx_word' id='word_1_52' title='bbox 561 1361 583 1404; x_wconf 87' lang='lat' dir='ltr'><em>o</em></span> <span class='ocrx_word' id='word_1_53' title='bbox 600 1362 606 1404; x_wconf 94' lang='lat'><strong>:</strong></span> <span class='ocrx_word' id='word_1_54' title='bbox 625 1343 722 1405; x_wconf 90' lang='lat' dir='ltr'><em>Liber</em></span> <span class='ocrx_word' id='word_1_55' title='bbox 739 1343 779 1406; x_wconf 90' lang='lat' dir='ltr'><em>dc</em></span> <span class='ocrx_word' id='word_1_56' title='bbox 793 1345 1025 1423; x_wconf 88' lang='lat' dir='ltr'><em>.pprictatibus</em></span> <span class='ocrx_word' id='word_1_57' title='bbox 1042 1349 1224 1409; x_wconf 68' lang='lat' dir='ltr'><em>terminon]</em></span> <span class='ocrx_word' id='word_1_58' title='bbox 1238 1349 1405 1411; x_wconf 82' lang='lat' dir='ltr'><em>Ciceronis</em></span> 
     </span>
     <span class='ocr_line' id='line_1_9' title="bbox 235 1441 1405 1526; baseline 0.003 -20"><span class='ocrx_word' id='word_1_59' title='bbox 235 1464 250 1505; x_wconf 79' lang='grc'><em>0</em></span> <span class='ocrx_word' id='word_1_60' title='bbox 274 1446 370 1506; x_wconf 87' lang='lat' dir='ltr'><em>iuxta</em></span> <span class='ocrx_word' id='word_1_61' title='bbox 393 1443 525 1520; x_wconf 75' lang='lat' dir='ltr'><em>ordine3</em></span> <span class='ocrx_word' id='word_1_62' title='bbox 545 1441 722 1521; x_wconf 85' lang='lat' dir='ltr'><em>Alphabeti</em></span> <span class='ocrx_word' id='word_1_63' title='bbox 738 1442 968 1522; x_wconf 82' lang='lat' dir='ltr'><em>compendiose</em></span> <span class='ocrx_word' id='word_1_64' title='bbox 982 1445 1090 1507; x_wconf 89' lang='lat' dir='ltr'><em>editus</em></span> <span class='ocrx_word' id='word_1_65' title='bbox 1104 1447 1228 1526; x_wconf 88' lang='lat' dir='ltr'><em>Incipit</em></span> <span class='ocrx_word' id='word_1_66' title='bbox 1239 1447 1405 1510; x_wconf 87' lang='lat' dir='ltr'><em>Feliciter.</em></span> 
     </span>
     <span class='ocr_line' id='line_1_10' title="bbox 236 1540 1407 1625; baseline 0 -19"><span class='ocrx_word' id='word_1_67' title='bbox 236 1568 252 1599; x_wconf 79' lang='grc' dir='ltr'><strong>κ</strong></span> <span class='ocrx_word' id='word_1_68' title='bbox 279 1548 384 1606; x_wconf 74' lang='lat' dir='ltr'><em>Teum.</em></span> <span class='ocrx_word' id='word_1_69' title='bbox 400 1547 429 1619; x_wconf 74' lang='lat' dir='ltr'><em>f.</em></span> <span class='ocrx_word' id='word_1_70' title='bbox 446 1547 483 1604; x_wconf 80' lang='lat'><em>32</em></span> <span class='ocrx_word' id='word_1_71' title='bbox 498 1560 520 1605; x_wconf 92' lang='lat' dir='ltr'><em>o</em></span> <span class='ocrx_word' id='word_1_72' title='bbox 536 1547 556 1603; x_wconf 94' lang='grc'><em>4.</em></span> <span class='ocrx_word' id='word_1_73' title='bbox 580 1545 628 1603; x_wconf 75' lang='lat' dir='ltr'><em>tt.</em></span> <span class='ocrx_word' id='word_1_74' title='bbox 653 1559 659 1601; x_wconf 93' lang='lat'><strong>:</strong></span> <span class='ocrx_word' id='word_1_75' title='bbox 679 1542 766 1604; x_wconf 91' lang='lat' dir='ltr'><em>neris</em></span> <span class='ocrx_word' id='word_1_76' title='bbox 781 1540 923 1604; x_wconf 83' lang='lat' dir='ltr'><em>secunde</em></span> <span class='ocrx_word' id='word_1_77' title='bbox 937 1543 1178 1606; x_wconf 79' lang='lat' dir='ltr'><em>declinationis,</em></span> <span class='ocrx_word' id='word_1_78' title='bbox 1192 1547 1238 1608; x_wconf 87' lang='lat'><em>2..</em></span> <span class='ocrx_word' id='word_1_79' title='bbox 1249 1543 1407 1625; x_wconf 69' lang='lat' dir='ltr'><em>ZdtLiber</em></span> 
     </span>
     <span class='ocr_line' id='line_1_11' title="bbox 237 1637 1405 1723; baseline 0.009 -26"><span class='ocrx_word' id='word_1_80' title='bbox 237 1667 251 1699; x_wconf 87' lang='lat'>«</span> <span class='ocrx_word' id='word_1_81' title='bbox 274 1643 313 1705; x_wconf 90' lang='lat' dir='ltr'><em>de</em></span> <span class='ocrx_word' id='word_1_82' title='bbox 327 1640 559 1723; x_wconf 89' lang='lat' dir='ltr'><em>.pprietatibus</em></span> <span class='ocrx_word' id='word_1_83' title='bbox 577 1637 773 1721; x_wconf 69' lang='grc'><strong>4000040004)</strong></span> <span class='ocrx_word' id='word_1_84' title='bbox 789 1641 956 1702; x_wconf 84' lang='lat' dir='ltr'><em>Ciceronis</em></span> <span class='ocrx_word' id='word_1_85' title='bbox 978 1640 1054 1703; x_wconf 90' lang='lat' dir='ltr'><em>finit</em></span> <span class='ocrx_word' id='word_1_86' title='bbox 1068 1640 1219 1705; x_wconf 86' lang='lat' dir='ltr'><em>feliciter.</em></span> <span class='ocrx_word' id='word_1_87' title='bbox 1235 1660 1263 1705; x_wconf 83' lang='grc'><em>0.</em></span> <span class='ocrx_word' id='word_1_88' title='bbox 1279 1649 1304 1708; x_wconf 92' lang='grc'><em>4.</em></span> <span class='ocrx_word' id='word_1_89' title='bbox 1324 1661 1356 1706; x_wconf 90' lang='lat' dir='ltr'><em>o.</em></span> <span class='ocrx_word' id='word_1_90' title='bbox 1374 1649 1405 1707; x_wconf 87' lang='lat' dir='ltr'><em>et</em></span> 
     </span>
     <span class='ocr_line' id='line_1_12' title="bbox 236 1737 1403 1818; baseline 0.005 -24"><span class='ocrx_word' id='word_1_91' title='bbox 236 1765 249 1795; x_wconf 85' lang='lat'>«</span> <span class='ocrx_word' id='word_1_92' title='bbox 266 1741 341 1817; x_wconf 71' lang='lat' dir='ltr'><em>&#39;top</em></span> <span class='ocrx_word' id='word_1_93' title='bbox 359 1757 393 1801; x_wconf 84' lang='grc'><em>0.</em></span> <span class='ocrx_word' id='word_1_94' title='bbox 411 1743 440 1801; x_wconf 96' lang='grc'><em>4.</em></span> <span class='ocrx_word' id='word_1_95' title='bbox 456 1756 489 1816; x_wconf 79' lang='lat' dir='ltr'><em>o.</em></span> <span class='ocrx_word' id='word_1_96' title='bbox 506 1740 556 1800; x_wconf 87' lang='grc'><em>04.</em></span> <span class='ocrx_word' id='word_1_97' title='bbox 573 1755 601 1800; x_wconf 85' lang='grc'><em>0.</em></span> <span class='ocrx_word' id='word_1_98' title='bbox 610 1737 638 1818; x_wconf 82' lang='lat' dir='ltr'><em>s.</em></span> <span class='ocrx_word' id='word_1_99' title='bbox 656 1754 684 1801; x_wconf 89' lang='lat' dir='ltr'><em>c.</em></span> <span class='ocrx_word' id='word_1_100' title='bbox 701 1740 734 1799; x_wconf 89' lang='grc'><em>04</em></span> <span class='ocrx_word' id='word_1_101' title='bbox 745 1753 803 1814; x_wconf 83' lang='lat' dir='ltr'><em>pp.</em></span> <span class='ocrx_word' id='word_1_102' title='bbox 820 1755 853 1800; x_wconf 87' lang='lat' dir='ltr'><em>o.</em></span> <span class='ocrx_word' id='word_1_103' title='bbox 866 1744 900 1801; x_wconf 77' lang='lat' dir='ltr'><em>it</em></span> <span class='ocrx_word' id='word_1_104' title='bbox 916 1745 937 1802; x_wconf 93' lang='grc'><em>4.</em></span> <span class='ocrx_word' id='word_1_105' title='bbox 951 1743 988 1801; x_wconf 78' lang='lat'><em>32</em></span> <span class='ocrx_word' id='word_1_106' title='bbox 1003 1741 1039 1814; x_wconf 79' lang='lat' dir='ltr'><em>ff.</em></span> <span class='ocrx_word' id='word_1_107' title='bbox 1054 1740 1182 1818; x_wconf 85' lang='lat' dir='ltr'><em>(Coton.</em></span> <span class='ocrx_word' id='word_1_108' title='bbox 1201 1744 1270 1804; x_wconf 83' lang='lat' dir='ltr'><em>Uir.</em></span> <span class='ocrx_word' id='word_1_109' title='bbox 1285 1746 1359 1804; x_wconf 86' lang='lat' dir='ltr'><em>Zeti</em></span> <span class='ocrx_word' id='word_1_110' title='bbox 1376 1763 1403 1815; x_wconf 77' lang='grc'><em>0,</em></span> 
     </span>
    </p>

    <p class='ocr_par' dir='ltr' id='par_1_5' title="bbox 275 1836 512 1919">
     <span class='ocr_line' id='line_1_13' title="bbox 275 1836 512 1919; baseline -0.008 -19"><span class='ocrx_word' id='word_1_111' title='bbox 275 1839 329 1900; x_wconf 85' lang='lat' dir='ltr'><em>Sic</em></span> <span class='ocrx_word' id='word_1_112' title='bbox 344 1838 451 1919; x_wconf 80' lang='lat' dir='ltr'><em>pergit</em></span> <span class='ocrx_word' id='word_1_113' title='bbox 464 1836 512 1899; x_wconf 47' lang='lat' dir='ltr'><em>ad&gt;</em></span> 
     </span>
    </p>

    <p class='ocr_par' dir='ltr' id='par_1_6' title="bbox 276 1935 908 2013">
     <span class='ocr_line' id='line_1_14' title="bbox 276 1935 908 2013; baseline -0.005 -15"><span class='ocrx_word' id='word_1_114' title='bbox 276 1937 353 1998; x_wconf 56' lang='grc' dir='ltr'><em>1100ῃ</em></span> <span class='ocrx_word' id='word_1_115' title='bbox 369 1935 549 1998; x_wconf 89' lang='lat' dir='ltr'><em>editionem</em></span> <span class='ocrx_word' id='word_1_116' title='bbox 564 1935 669 1996; x_wconf 84' lang='lat' dir='ltr'><em>nostri</em></span> <span class='ocrx_word' id='word_1_117' title='bbox 684 1937 885 2013; x_wconf 88' lang='lat' dir='ltr'><em>conspectus</em></span> <span class='ocrx_word' id='word_1_118' title='bbox 901 1953 908 1995; x_wconf 91' lang='lat'>:</span> 
     </span>
    </p>

    <p class='ocr_par' dir='ltr' id='par_1_7' title="bbox 276 2035 1402 2114">
     <span class='ocr_line' id='line_1_15' title="bbox 276 2035 1402 2114; baseline -0.006 -16"><span class='ocrx_word' id='word_1_119' title='bbox 276 2059 291 2090; x_wconf 77' lang='grc' dir='ltr'>α</span> <span class='ocrx_word' id='word_1_120' title='bbox 309 2039 398 2099; x_wconf 79' lang='grc'><strong>3343.</strong></span> <span class='ocrx_word' id='word_1_121' title='bbox 416 2070 454 2080; x_wconf 83' lang='lat'>-</span> <span class='ocrx_word' id='word_1_122' title='bbox 466 2068 502 2078; x_wconf 99' lang='lat'><em>-</em></span> <span class='ocrx_word' id='word_1_123' title='bbox 517 2050 549 2096; x_wconf 87' lang='lat' dir='ltr'><em>s.</em></span> <span class='ocrx_word' id='word_1_124' title='bbox 566 2039 587 2095; x_wconf 94' lang='lat' dir='ltr'><em>t.</em></span> <span class='ocrx_word' id='word_1_125' title='bbox 604 2050 637 2095; x_wconf 85' lang='lat' dir='ltr'><em>o.</em></span> <span class='ocrx_word' id='word_1_126' title='bbox 651 2035 683 2095; x_wconf 89' lang='grc'><em>04</em></span> <span class='ocrx_word' id='word_1_127' title='bbox 697 2036 763 2110; x_wconf 73' lang='lat' dir='ltr'><em>liti·</em></span> <span class='ocrx_word' id='word_1_128' title='bbox 781 2051 814 2095; x_wconf 88' lang='grc'><em>0.</em></span> <span class='ocrx_word' id='word_1_129' title='bbox 832 2035 864 2095; x_wconf 78' lang='lat' dir='ltr'><em>t.</em></span> <span class='ocrx_word' id='word_1_130' title='bbox 881 2051 913 2110; x_wconf 72' lang='lat' dir='ltr'><em>ii·</em></span> <span class='ocrx_word' id='word_1_131' title='bbox 927 2037 977 2096; x_wconf 85' lang='grc'><em>04.</em></span> <span class='ocrx_word' id='word_1_132' title='bbox 994 2039 1085 2106; x_wconf 79' lang='lat' dir='ltr'><em>rudi,</em></span> <span class='ocrx_word' id='word_1_133' title='bbox 1101 2036 1164 2114; x_wconf 74' lang='lat' dir='ltr'><em>ss.</em></span> <span class='ocrx_word' id='word_1_134' title='bbox 1182 2051 1210 2098; x_wconf 91' lang='grc'><em>0.</em></span> <span class='ocrx_word' id='word_1_135' title='bbox 1228 2037 1322 2111; x_wconf 80' lang='lat' dir='ltr'><em>cipp.</em></span> <span class='ocrx_word' id='word_1_136' title='bbox 1337 2052 1370 2097; x_wconf 84' lang='lat' dir='ltr'><em>o.</em></span> <span class='ocrx_word' id='word_1_137' title='bbox 1389 2059 1402 2090; x_wconf 71' lang='lat' dir='ltr'><em>s</em></span> 
     </span>
    </p>

    <p class='ocr_par' dir='ltr' id='par_1_8' title="bbox 274 2130 1269 2212">
     <span class='ocr_line' id='line_1_16' title="bbox 274 2130 1269 2212; baseline -0.002 -16"><span class='ocrx_word' id='word_1_138' title='bbox 274 2134 338 2197; x_wconf 91' lang='lat' dir='ltr'><em>Ubi</em></span> <span class='ocrx_word' id='word_1_139' title='bbox 354 2136 453 2195; x_wconf 90' lang='lat' dir='ltr'><em>notae</em></span> <span class='ocrx_word' id='word_1_140' title='bbox 467 2132 579 2194; x_wconf 90' lang='lat' dir='ltr'><em>Hainii</em></span> <span class='ocrx_word' id='word_1_141' title='bbox 593 2130 809 2194; x_wconf 83' lang='lat' dir='ltr'><em>brevissimae</em></span> <span class='ocrx_word' id='word_1_142' title='bbox 823 2133 1090 2212; x_wconf 80' lang='lat' dir='ltr'><em>interpretandae</em></span> <span class='ocrx_word' id='word_1_143' title='bbox 1105 2137 1186 2196; x_wconf 89' lang='lat' dir='ltr'><em>sunt</em></span> <span class='ocrx_word' id='word_1_144' title='bbox 1199 2135 1246 2195; x_wconf 92' lang='lat' dir='ltr'><em>ita</em></span> <span class='ocrx_word' id='word_1_145' title='bbox 1263 2152 1269 2193; x_wconf 92' lang='lat'>:</span> 
     </span>
    </p>

    <p class='ocr_par' dir='ltr' id='par_1_9' title="bbox 277 2229 1405 2313">
     <span class='ocr_line' id='line_1_17' title="bbox 277 2229 1405 2313; baseline 0 -21"><span class='ocrx_word' id='word_1_146' title='bbox 277 2236 397 2295; x_wconf 77' lang='grc'><strong>05349.</strong></span> <span class='ocrx_word' id='word_1_147' title='bbox 424 2231 531 2295; x_wconf 86' lang='lat' dir='ltr'><em>Editio</em></span> <span class='ocrx_word' id='word_1_148' title='bbox 554 2229 828 2313; x_wconf 84' lang='lat' dir='ltr'><em>praecedentibus</em></span> <span class='ocrx_word' id='word_1_149' title='bbox 851 2232 968 2293; x_wconf 86' lang='lat' dir='ltr'><em>similis</em></span> <span class='ocrx_word' id='word_1_150' title='bbox 993 2231 1103 2309; x_wconf 76' lang='lat' dir='ltr'><em>titum,</em></span> <span class='ocrx_word' id='word_1_151' title='bbox 1120 2233 1193 2294; x_wconf 89' lang='lat' dir='ltr'><em>sine</em></span> <span class='ocrx_word' id='word_1_152' title='bbox 1212 2232 1299 2306; x_wconf 88' lang='grc'><strong>4000,</strong></span> <span class='ocrx_word' id='word_1_153' title='bbox 1316 2248 1405 2292; x_wconf 88' lang='grc'><strong>0000</strong></span> 
     </span>
    </p>

    <p class='ocr_par' dir='ltr' id='par_1_10' title="bbox 187 2327 1407 2508">
     <span class='ocr_line' id='line_1_18' title="bbox 234 2327 1407 2411; baseline -0.002 -19"><span class='ocrx_word' id='word_1_154' title='bbox 234 2335 267 2392; x_wconf 90' lang='grc'><em>04</em></span> <span class='ocrx_word' id='word_1_155' title='bbox 281 2331 479 2411; x_wconf 76' lang='lat' dir='ltr'><em>typographi</em></span> <span class='ocrx_word' id='word_1_156' title='bbox 495 2331 642 2405; x_wconf 91' lang='lat' dir='ltr'><em>nomine,</em></span> <span class='ocrx_word' id='word_1_157' title='bbox 659 2327 766 2392; x_wconf 87' lang='lat' dir='ltr'><em>forma</em></span> <span class='ocrx_word' id='word_1_158' title='bbox 780 2329 1044 2409; x_wconf 86' lang='lat' dir='ltr'><em>quadruplicata,</em></span> <span class='ocrx_word' id='word_1_159' title='bbox 1064 2331 1198 2406; x_wconf 83' lang='lat' dir='ltr'><em>gothico</em></span> <span class='ocrx_word' id='word_1_160' title='bbox 1217 2330 1407 2392; x_wconf 87' lang='lat' dir='ltr'><em>charactere</em></span> 
     </span>
     <span class='ocr_line' id='line_1_19' title="bbox 187 2410 1296 2508; baseline 0.006 -18"><span class='ocrx_word' id='word_1_161' title='bbox 187 2410 190 2422; x_wconf 52' lang='lat'>¹</span> <span class='ocrx_word' id='word_1_162' title='bbox 234 2430 319 2504; x_wconf 88' lang='lat' dir='ltr'><em>rudi,</em></span> <span class='ocrx_word' id='word_1_163' title='bbox 337 2430 409 2491; x_wconf 91' lang='lat' dir='ltr'><em>sine</em></span> <span class='ocrx_word' id='word_1_164' title='bbox 424 2430 606 2504; x_wconf 82' lang='lat' dir='ltr'><em>signatura,</em></span> <span class='ocrx_word' id='word_1_165' title='bbox 624 2427 783 2490; x_wconf 89' lang='lat' dir='ltr'><em>custodiis</em></span> <span class='ocrx_word' id='word_1_166' title='bbox 798 2431 831 2489; x_wconf 90' lang='lat' dir='ltr'><em>et</em></span> <span class='ocrx_word' id='word_1_167' title='bbox 845 2429 1043 2508; x_wconf 79' lang='lat' dir='ltr'><em>paginarum</em></span> <span class='ocrx_word' id='word_1_168' title='bbox 1058 2430 1217 2491; x_wconf 84' lang='lat' dir='ltr'><em>numeris.</em></span> <span class='ocrx_word' id='word_1_169' title='bbox 1237 2454 1250 2485; x_wconf 85' lang='lat'>»</span> <span class='ocrx_word' id='word_1_170' title='bbox 1294 2493 1296 2497; x_wconf 84' lang='lat'>.</span> 
     </span>
    </p>

    <p class='ocr_par' dir='ltr' id='par_1_11' title="bbox 235 2526 1405 2707">
     <span class='ocr_line' id='line_1_20' title="bbox 273 2526 1405 2608; baseline 0.004 -19"><span class='ocrx_word' id='word_1_171' title='bbox 273 2527 339 2590; x_wconf 90' lang='lat' dir='ltr'><em>Ubi</em></span> <span class='ocrx_word' id='word_1_172' title='bbox 353 2526 551 2590; x_wconf 89' lang='lat' dir='ltr'><em>describitur</em></span> <span class='ocrx_word' id='word_1_173' title='bbox 566 2526 686 2589; x_wconf 87' lang='lat' dir='ltr'><em>umbra</em></span> <span class='ocrx_word' id='word_1_174' title='bbox 700 2526 863 2606; x_wconf 89' lang='lat' dir='ltr'><em>quaedam</em></span> <span class='ocrx_word' id='word_1_175' title='bbox 880 2526 1045 2600; x_wconf 87' lang='lat' dir='ltr'><em>editionis,</em></span> <span class='ocrx_word' id='word_1_176' title='bbox 1063 2528 1174 2607; x_wconf 89' lang='lat' dir='ltr'><em>potius</em></span> <span class='ocrx_word' id='word_1_177' title='bbox 1190 2545 1292 2608; x_wconf 83' lang='lat' dir='ltr'><em>quam</em></span> <span class='ocrx_word' id='word_1_178' title='bbox 1307 2532 1405 2593; x_wconf 91' lang='lat' dir='ltr'><em>editio</em></span> 
     </span>
     <span class='ocr_line' id='line_1_21' title="bbox 235 2628 560 2707; baseline -0.006 -18"><span class='ocrx_word' id='word_1_179' title='bbox 235 2644 321 2706; x_wconf 91' lang='lat' dir='ltr'><em>quae</em></span> <span class='ocrx_word' id='word_1_180' title='bbox 337 2628 427 2703; x_wconf 79' lang='lat' dir='ltr'><em>tangi</em></span> <span class='ocrx_word' id='word_1_181' title='bbox 439 2628 560 2707; x_wconf 83' lang='lat' dir='ltr'><em>possiti</em></span> 
     </span>
    </p>
   </div>
   <div class='ocr_carea' id='block_1_3' title="bbox 235 2724 1406 3202">
    <p class='ocr_par' dir='ltr' id='par_1_12' title="bbox 235 2724 1406 3102">
     <span class='ocr_line' id='line_1_22' title="bbox 275 2724 1406 2808; baseline 0.004 -21"><span class='ocrx_word' id='word_1_182' title='bbox 275 2726 374 2787; x_wconf 90' lang='lat' dir='ltr'><em>Nunc</em></span> <span class='ocrx_word' id='word_1_183' title='bbox 389 2724 430 2786; x_wconf 86' lang='lat' dir='ltr'><em>ad</em></span> <span class='ocrx_word' id='word_1_184' title='bbox 445 2724 605 2787; x_wconf 88' lang='lat' dir='ltr'><em>Orellium</em></span> <span class='ocrx_word' id='word_1_185' title='bbox 624 2725 821 2786; x_wconf 86' lang='lat' dir='ltr'><em>revertimur</em></span> <span class='ocrx_word' id='word_1_186' title='bbox 840 2725 900 2804; x_wconf 90' lang='lat' dir='ltr'><em>qui</em></span> <span class='ocrx_word' id='word_1_187' title='bbox 918 2724 1073 2805; x_wconf 87' lang='lat' dir='ltr'><em>deinceps</em></span> <span class='ocrx_word' id='word_1_188' title='bbox 1093 2743 1172 2787; x_wconf 89' lang='lat' dir='ltr'><em>enm</em></span> <span class='ocrx_word' id='word_1_189' title='bbox 1194 2727 1315 2790; x_wconf 90' lang='lat' dir='ltr'><em>Hainio</em></span> <span class='ocrx_word' id='word_1_190' title='bbox 1335 2730 1406 2808; x_wconf 89' lang='lat' dir='ltr'><em>pie·</em></span> 
     </span>
     <span class='ocr_line' id='line_1_23' title="bbox 235 2825 1406 2907; baseline 0.003 -21"><span class='ocrx_word' id='word_1_191' title='bbox 235 2843 379 2907; x_wconf 91' lang='lat' dir='ltr'><em>rumque</em></span> <span class='ocrx_word' id='word_1_192' title='bbox 398 2826 576 2899; x_wconf 81' lang='lat' dir='ltr'><em>consentit,</em></span> <span class='ocrx_word' id='word_1_193' title='bbox 607 2840 813 2904; x_wconf 86' lang='lat' dir='ltr'><em>quanquam,</em></span> <span class='ocrx_word' id='word_1_194' title='bbox 836 2825 869 2884; x_wconf 93' lang='lat' dir='ltr'><em>et</em></span> <span class='ocrx_word' id='word_1_195' title='bbox 885 2825 956 2903; x_wconf 90' lang='lat' dir='ltr'><em>ipse</em></span> <span class='ocrx_word' id='word_1_196' title='bbox 981 2841 1108 2899; x_wconf 87' lang='lat' dir='ltr'><em>rursus,</em></span> <span class='ocrx_word' id='word_1_197' title='bbox 1130 2825 1218 2888; x_wconf 88' lang='lat' dir='ltr'><em>addit</em></span> <span class='ocrx_word' id='word_1_198' title='bbox 1237 2828 1406 2890; x_wconf 90' lang='lat' dir='ltr'><em>interdum</em></span> 
     </span>
     <span class='ocr_line' id='line_1_24' title="bbox 236 2922 1406 3004; baseline 0.002 -18"><span class='ocrx_word' id='word_1_199' title='bbox 236 2925 454 3004; x_wconf 61' lang='lat' dir='ltr'><em>nonnullam)</em></span> <span class='ocrx_word' id='word_1_200' title='bbox 473 2925 673 2998; x_wconf 80' lang='lat' dir='ltr'><em>Repertorio</em></span> <span class='ocrx_word' id='word_1_201' title='bbox 699 2927 983 2998; x_wconf 76' lang='lat' dir='ltr'><em>Bibtiooropbteo.</em></span> <span class='ocrx_word' id='word_1_202' title='bbox 1012 2922 1195 2986; x_wconf 88' lang='lat' dir='ltr'><em>Zellianam</em></span> <span class='ocrx_word' id='word_1_203' title='bbox 1218 2925 1320 3001; x_wconf 78' lang='lat' dir='ltr'><em>igitur</em></span> <span class='ocrx_word' id='word_1_204' title='bbox 1340 2928 1406 2988; x_wconf 91' lang='lat' dir='ltr'><em>edi-</em></span> 
     </span>
     <span class='ocr_line' id='line_1_25' title="bbox 235 3019 922 3102; baseline -0.007 -16"><span class='ocrx_word' id='word_1_205' title='bbox 235 3025 361 3086; x_wconf 90' lang='lat' dir='ltr'><em>tionem</em></span> <span class='ocrx_word' id='word_1_206' title='bbox 375 3023 464 3102; x_wconf 89' lang='lat' dir='ltr'><em>apud</em></span> <span class='ocrx_word' id='word_1_207' title='bbox 479 3019 644 3085; x_wconf 74' lang='lat' dir='ltr'><em>Orellium&#39;</em></span> <span class='ocrx_word' id='word_1_208' title='bbox 653 3022 827 3100; x_wconf 87' lang='lat' dir='ltr'><em>excipiunt</em></span> <span class='ocrx_word' id='word_1_209' title='bbox 839 3022 922 3083; x_wconf 88' lang='lat' dir='ltr'><em>bae:</em></span> 
     </span>
    </p>

    <p class='ocr_par' dir='ltr' id='par_1_13' title="bbox 275 3120 1404 3202">
     <span class='ocr_line' id='line_1_26' title="bbox 275 3120 1404 3202; baseline 0.004 -18"><span class='ocrx_word' id='word_1_210' title='bbox 275 3122 367 3200; x_wconf 72' lang='lat'><strong>(111³</strong></span> <span class='ocrx_word' id='word_1_211' title='bbox 395 3120 493 3183; x_wconf 90' lang='lat' dir='ltr'><em>editio</em></span> <span class='ocrx_word' id='word_1_212' title='bbox 522 3122 628 3182; x_wconf 89' lang='lat' dir='ltr'><em>nostri</em></span> <span class='ocrx_word' id='word_1_213' title='bbox 651 3120 866 3199; x_wconf 85' lang='lat' dir='ltr'><em>conspectus)</em></span> <span class='ocrx_word' id='word_1_214' title='bbox 886 3138 893 3180; x_wconf 94' lang='lat'>:</span> <span class='ocrx_word' id='word_1_215' title='bbox 915 3143 930 3175; x_wconf 79' lang='grc'><em>0</em></span> <span class='ocrx_word' id='word_1_216' title='bbox 955 3156 994 3164; x_wconf 92' lang='grc'><strong>-</strong></span> <span class='ocrx_word' id='word_1_217' title='bbox 1021 3121 1064 3182; x_wconf 92' lang='lat' dir='ltr'><em>de</em></span> <span class='ocrx_word' id='word_1_218' title='bbox 1091 3124 1404 3202; x_wconf 89' lang='lat' dir='ltr'><em>proprietatibus</em></span> 
     </span>
    </p>
   </div>
   <div class='ocr_carea' id='block_1_4' title="bbox 233 3219 1405 3399">
    <p class='ocr_par' dir='ltr' id='par_1_14' title="bbox 233 3219 1405 3399">
     <span class='ocr_line' id='line_1_27' title="bbox 235 3219 1403 3296; baseline 0.003 -14"><span class='ocrx_word' id='word_1_219' title='bbox 235 3221 508 3282; x_wconf 89' lang='lat' dir='ltr'><em>terminorum.</em></span> <span class='ocrx_word' id='word_1_220' title='bbox 525 3235 552 3280; x_wconf 81' lang='lat' dir='ltr'><em>a.</em></span> <span class='ocrx_word' id='word_1_221' title='bbox 571 3223 592 3279; x_wconf 88' lang='lat' dir='ltr'><em>t.</em></span> <span class='ocrx_word' id='word_1_222' title='bbox 610 3221 641 3280; x_wconf 88' lang='lat' dir='ltr'><em>et</em></span> <span class='ocrx_word' id='word_1_223' title='bbox 656 3234 688 3280; x_wconf 87' lang='lat' dir='ltr'><em>o.</em></span> <span class='ocrx_word' id='word_1_224' title='bbox 708 3219 739 3279; x_wconf 80' lang='lat' dir='ltr'><em>t.</em></span> <span class='ocrx_word' id='word_1_225' title='bbox 758 3219 852 3280; x_wconf 86' lang='lat' dir='ltr'><em>Gottt.</em></span> <span class='ocrx_word' id='word_1_226' title='bbox 868 3221 945 3280; x_wconf 86' lang='lat' dir='ltr'><em>Sine</em></span> <span class='ocrx_word' id='word_1_227' title='bbox 959 3223 1083 3296; x_wconf 72' lang='grc'><strong>0400404.</strong></span> <span class='ocrx_word' id='word_1_228' title='bbox 1100 3224 1250 3283; x_wconf 73' lang='lat' dir='ltr'><em>custodit.</em></span> <span class='ocrx_word' id='word_1_229' title='bbox 1267 3226 1299 3284; x_wconf 93' lang='grc'><em>04</em></span> <span class='ocrx_word' id='word_1_230' title='bbox 1311 3241 1403 3286; x_wconf 66' lang='lat' dir='ltr'><em>orior.</em></span> 
     </span>
     <span class='ocr_line' id='line_1_28' title="bbox 233 3315 1405 3399; baseline 0.003 -18"><span class='ocrx_word' id='word_1_231' title='bbox 233 3323 293 3393; x_wconf 81' lang='lat' dir='ltr'><em>sot.</em></span> <span class='ocrx_word' id='word_1_232' title='bbox 310 3323 337 3392; x_wconf 81' lang='lat' dir='ltr'><em>s.</em></span> <span class='ocrx_word' id='word_1_233' title='bbox 359 3319 415 3379; x_wconf 78' lang='lat'><em>50.</em></span> <span class='ocrx_word' id='word_1_234' title='bbox 434 3322 504 3379; x_wconf 82' lang='lat' dir='ltr'><em>Fot.</em></span> <span class='ocrx_word' id='word_1_235' title='bbox 526 3317 541 3375; x_wconf 91' lang='lat' dir='ltr'><em>t</em></span> <span class='ocrx_word' id='word_1_236' title='bbox 559 3332 591 3377; x_wconf 87' lang='lat' dir='ltr'><em>o.</em></span> <span class='ocrx_word' id='word_1_237' title='bbox 608 3321 717 3378; x_wconf 83' lang='grc'><strong>1004000</strong></span> <span class='ocrx_word' id='word_1_238' title='bbox 732 3332 840 3392; x_wconf 72' lang='lat' dir='ltr'><em>stupro</em></span> <span class='ocrx_word' id='word_1_239' title='bbox 857 3315 1104 3399; x_wconf 72' lang='grc'><strong>000004040044).</strong></span> <span class='ocrx_word' id='word_1_240' title='bbox 1127 3323 1168 3379; x_wconf 86' lang='lat' dir='ltr'><em>lo</em></span> <span class='ocrx_word' id='word_1_241' title='bbox 1188 3323 1255 3394; x_wconf 73' lang='grc'><strong>4400</strong></span> <span class='ocrx_word' id='word_1_242' title='bbox 1274 3340 1286 3382; x_wconf 86' lang='grc'><strong>.·</strong></span> <span class='ocrx_word' id='word_1_243' title='bbox 1308 3321 1405 3384; x_wconf 90' lang='lat' dir='ltr'><em>Liber</em></span> 
     </span>
    </p>
   </div>
   <div class='ocr_carea' id='block_1_5' title="bbox 233 3413 1224 3584">
    <p class='ocr_par' dir='ltr' id='par_1_15' title="bbox 233 3413 1224 3584">
     <span class='ocr_line' id='line_1_29' title="bbox 233 3413 1224 3500; baseline 0 -23"><span class='ocrx_word' id='word_1_244' title='bbox 233 3415 273 3478; x_wconf 90' lang='lat' dir='ltr'><em>de</em></span> <span class='ocrx_word' id='word_1_245' title='bbox 288 3413 544 3495; x_wconf 89' lang='lat' dir='ltr'><em>proprietatibus</em></span> <span class='ocrx_word' id='word_1_246' title='bbox 562 3415 783 3476; x_wconf 89' lang='lat' dir='ltr'><em>terminorum</em></span> <span class='ocrx_word' id='word_1_247' title='bbox 798 3414 965 3500; x_wconf 87' lang='lat' dir='ltr'><em>Ciceronis</em></span> <span class='ocrx_word' id='word_1_248' title='bbox 987 3414 1062 3476; x_wconf 83' lang='lat' dir='ltr'><em>finit</em></span> <span class='ocrx_word' id='word_1_249' title='bbox 1076 3414 1224 3479; x_wconf 81' lang='lat' dir='ltr'><em>feliciter.</em></span> 
     </span>
     <span class='ocr_line' id='line_1_30' title="bbox 269 3509 961 3584; baseline -0.009 -15"><span class='ocrx_word' id='word_1_250' title='bbox 269 3511 397 3584; x_wconf 86' lang='lat' dir='ltr'><em>Impressit</em></span> <span class='ocrx_word' id='word_1_251' title='bbox 412 3512 517 3567; x_wconf 88' lang='grc'><strong>40040000</strong></span> <span class='ocrx_word' id='word_1_252' title='bbox 532 3510 689 3567; x_wconf 80' lang='grc' dir='ltr'><strong>1300040004υο</strong></span> <span class='ocrx_word' id='word_1_253' title='bbox 702 3509 792 3566; x_wconf 86' lang='lat' dir='ltr'><em>Richel</em></span> <span class='ocrx_word' id='word_1_254' title='bbox 810 3510 931 3568; x_wconf 76' lang='lat' dir='ltr'><em>basileae.</em></span> <span class='ocrx_word' id='word_1_255' title='bbox 949 3532 961 3563; x_wconf 76' lang='grc'><em>0</em></span> 
     </span>
    </p>
   </div>
   <div class='ocr_carea' id='block_1_6' title="bbox 263 3727 1277 3792">
    <p class='ocr_par' dir='ltr' id='par_1_16' title="bbox 263 3727 1277 3792">
     <span class='ocr_line' id='line_1_31' title="bbox 263 3727 1277 3792; baseline 0.001 -14"><span class='ocrx_word' id='word_1_256' title='bbox 263 3729 295 3792; x_wconf 85' lang='grc'><em>(4)</em></span> <span class='ocrx_word' id='word_1_257' title='bbox 312 3728 371 3788; x_wconf 86' lang='lat' dir='ltr'><em>Vide</em></span> <span class='ocrx_word' id='word_1_258' title='bbox 386 3729 449 3777; x_wconf 86' lang='lat' dir='ltr'><em>infra</em></span> <span class='ocrx_word' id='word_1_259' title='bbox 463 3728 595 3777; x_wconf 89' lang='lat' dir='ltr'><em>editionem</em></span> <span class='ocrx_word' id='word_1_260' title='bbox 610 3727 672 3776; x_wconf 64' lang='lat' dir='ltr'><em>Vim</em></span> <span class='ocrx_word' id='word_1_261' title='bbox 687 3729 765 3776; x_wconf 91' lang='lat' dir='ltr'><em>nostri</em></span> <span class='ocrx_word' id='word_1_262' title='bbox 781 3732 927 3790; x_wconf 86' lang='lat' dir='ltr'><em>conspectus</em></span> <span class='ocrx_word' id='word_1_263' title='bbox 940 3742 1012 3791; x_wconf 90' lang='lat' dir='ltr'><em>quam</em></span> <span class='ocrx_word' id='word_1_264' title='bbox 1027 3728 1150 3792; x_wconf 85' lang='lat' dir='ltr'><em>ignoravit</em></span> <span class='ocrx_word' id='word_1_265' title='bbox 1166 3729 1277 3779; x_wconf 84' lang='lat' dir='ltr'><em>Heinius.</em></span> 
     </span>
    </p>
   </div>
   <div class='ocr_carea' id='block_1_7' title="bbox 225 3834 1449 4612">
    <p class='ocr_par' dir='ltr' id='par_1_17' title="bbox 225 3834 1449 4612">
     <span class='ocr_line' id='line_1_32' title="bbox 261 3834 1404 3900; baseline 0.001 -15"><span class='ocrx_word' id='word_1_266' title='bbox 261 3836 296 3899; x_wconf 81' lang='grc'><em>(2)</em></span> <span class='ocrx_word' id='word_1_267' title='bbox 310 3835 399 3885; x_wconf 90' lang='lat' dir='ltr'><em>Verbis</em></span> <span class='ocrx_word' id='word_1_268' title='bbox 416 3855 428 3880; x_wconf 89' lang='lat'>«</span> <span class='ocrx_word' id='word_1_269' title='bbox 446 3834 530 3884; x_wconf 77' lang='grc'><strong>400400</strong></span> <span class='ocrx_word' id='word_1_270' title='bbox 544 3850 627 3899; x_wconf 85' lang='lat' dir='ltr'><em>supro</em></span> <span class='ocrx_word' id='word_1_271' title='bbox 640 3834 787 3898; x_wconf 82' lang='lat' dir='ltr'><em>descriptus</em></span> <span class='ocrx_word' id='word_1_272' title='bbox 802 3851 816 3881; x_wconf 89' lang='lat'>»</span> <span class='ocrx_word' id='word_1_273' title='bbox 832 3834 981 3896; x_wconf 82' lang='grc' dir='ltr'><strong>(0041οι4000</strong></span> <span class='ocrx_word' id='word_1_274' title='bbox 995 3837 1020 3884; x_wconf 89' lang='grc'><em>40</em></span> <span class='ocrx_word' id='word_1_275' title='bbox 1036 3836 1185 3884; x_wconf 84' lang='lat' dir='ltr'><em>editionibus</em></span> <span class='ocrx_word' id='word_1_276' title='bbox 1197 3851 1259 3899; x_wconf 91' lang='lat' dir='ltr'><em>quae</em></span> <span class='ocrx_word' id='word_1_277' title='bbox 1270 3842 1404 3900; x_wconf 89' lang='lat' dir='ltr'><em>sequuntur</em></span> 
     </span>
     <span class='ocr_line' id='line_1_33' title="bbox 229 3905 1403 3970; baseline 0.001 -13"><span class='ocrx_word' id='word_1_278' title='bbox 229 3907 409 3969; x_wconf 86' lang='lat' dir='ltr'><em>describendis)</em></span> <span class='ocrx_word' id='word_1_279' title='bbox 431 3905 537 3955; x_wconf 90' lang='lat' dir='ltr'><em>Orellius</em></span> <span class='ocrx_word' id='word_1_280' title='bbox 556 3907 677 3969; x_wconf 83' lang='lat' dir='ltr'><em>signifieat</em></span> <span class='ocrx_word' id='word_1_281' title='bbox 694 3906 791 3970; x_wconf 78' lang='lat' dir='ltr'><em>solium</em></span> <span class='ocrx_word' id='word_1_282' title='bbox 812 3913 822 3953; x_wconf 91' lang='lat' dir='ltr'><em>t</em></span> <span class='ocrx_word' id='word_1_283' title='bbox 844 3920 861 3954; x_wconf 92' lang='lat' dir='ltr'><em>o</em></span> <span class='ocrx_word' id='word_1_284' title='bbox 881 3907 1000 3968; x_wconf 87' lang='lat' dir='ltr'><em>praebere</em></span> <span class='ocrx_word' id='word_1_285' title='bbox 1015 3907 1111 3956; x_wconf 88' lang='lat' dir='ltr'><em>titulum</em></span> <span class='ocrx_word' id='word_1_286' title='bbox 1130 3907 1194 3955; x_wconf 88' lang='lat' dir='ltr'><em>bunc</em></span> <span class='ocrx_word' id='word_1_287' title='bbox 1210 3923 1216 3956; x_wconf 93' lang='lat'>:</span> <span class='ocrx_word' id='word_1_288' title='bbox 1233 3927 1244 3952; x_wconf 76' lang='grc'><em>0</em></span> <span class='ocrx_word' id='word_1_289' title='bbox 1265 3908 1354 3959; x_wconf 81' lang='lat' dir='ltr'><em>Cicero</em></span> <span class='ocrx_word' id='word_1_290' title='bbox 1371 3910 1403 3958; x_wconf 86' lang='lat' dir='ltr'><em>de</em></span> 
     </span>
     <span class='ocr_line' id='line_1_34' title="bbox 225 3977 1402 4043; baseline -0.002 -15"><span class='ocrx_word' id='word_1_291' title='bbox 225 3977 436 4043; x_wconf 79' lang='lat' dir='ltr'><em>proprietatibus</em></span> <span class='ocrx_word' id='word_1_292' title='bbox 450 3979 622 4027; x_wconf 83' lang='lat' dir='ltr'><em>terminorum</em></span> <span class='ocrx_word' id='word_1_293' title='bbox 640 3997 661 4025; x_wconf 81' lang='lat' dir='ltr'><em>u.</em></span> <span class='ocrx_word' id='word_1_294' title='bbox 679 3977 784 4027; x_wconf 88' lang='lat' dir='ltr'><em>Orellius</em></span> <span class='ocrx_word' id='word_1_295' title='bbox 798 3978 881 4039; x_wconf 81' lang='lat' dir='ltr'><em>igitur.</em></span> <span class='ocrx_word' id='word_1_296' title='bbox 899 3993 942 4040; x_wconf 90' lang='lat' dir='ltr'><em>pro</em></span> <span class='ocrx_word' id='word_1_297' title='bbox 958 3979 1033 4026; x_wconf 92' lang='lat' dir='ltr'><em>verbo</em></span> <span class='ocrx_word' id='word_1_298' title='bbox 1049 3993 1093 4026; x_wconf 89' lang='lat' dir='ltr'><em>suo</em></span> <span class='ocrx_word' id='word_1_299' title='bbox 1109 3978 1174 4040; x_wconf 90' lang='lat' dir='ltr'><em>quod</em></span> <span class='ocrx_word' id='word_1_300' title='bbox 1196 3983 1235 4027; x_wconf 89' lang='lat' dir='ltr'><em>est</em></span> <span class='ocrx_word' id='word_1_301' title='bbox 1254 3997 1265 4022; x_wconf 90' lang='lat'>«</span> <span class='ocrx_word' id='word_1_302' title='bbox 1282 3978 1366 4028; x_wconf 78' lang='grc'><strong>100400</strong></span> <span class='ocrx_word' id='word_1_303' title='bbox 1379 3999 1402 4038; x_wconf 74' lang='lat' dir='ltr'><em>u,</em></span> 
     </span>
     <span class='ocr_line' id='line_1_35' title="bbox 229 4048 1449 4113; baseline 0.002 -16"><span class='ocrx_word' id='word_1_304' title='bbox 229 4068 240 4093; x_wconf 82' lang='grc'><em>0</em></span> <span class='ocrx_word' id='word_1_305' title='bbox 259 4048 366 4098; x_wconf 85' lang='lat' dir='ltr'><em>titutum</em></span> <span class='ocrx_word' id='word_1_306' title='bbox 383 4064 395 4097; x_wconf 79' lang='grc'><em>0</em></span> <span class='ocrx_word' id='word_1_307' title='bbox 415 4050 523 4098; x_wconf 89' lang='lat' dir='ltr'><em>scribere</em></span> <span class='ocrx_word' id='word_1_308' title='bbox 539 4050 653 4099; x_wconf 86' lang='lat' dir='ltr'><em>debebat.</em></span> <span class='ocrx_word' id='word_1_309' title='bbox 672 4050 755 4111; x_wconf 89' lang='lat' dir='ltr'><em>Neque</em></span> <span class='ocrx_word' id='word_1_310' title='bbox 779 4049 843 4097; x_wconf 90' lang='lat' dir='ltr'><em>enim</em></span> <span class='ocrx_word' id='word_1_311' title='bbox 867 4049 908 4097; x_wconf 91' lang='lat' dir='ltr'><em>ille</em></span> <span class='ocrx_word' id='word_1_312' title='bbox 930 4050 1006 4098; x_wconf 91' lang='lat' dir='ltr'><em>verbo</em></span> <span class='ocrx_word' id='word_1_313' title='bbox 1026 4064 1055 4097; x_wconf 90' lang='lat' dir='ltr'><em>eo</em></span> <span class='ocrx_word' id='word_1_314' title='bbox 1072 4048 1185 4110; x_wconf 82' lang='lat' dir='ltr'><em>designet</em></span> <span class='ocrx_word' id='word_1_315' title='bbox 1209 4069 1220 4095; x_wconf 77' lang='lat' dir='ltr'><em>c</em></span> <span class='ocrx_word' id='word_1_316' title='bbox 1235 4050 1374 4113; x_wconf 82' lang='lat' dir='ltr'><em>Hegistrum</em></span> <span class='ocrx_word' id='word_1_317' title='bbox 1391 4069 1402 4094; x_wconf 78' lang='grc'><em>0</em></span> <span class='ocrx_word' id='word_1_318' title='bbox 1446 4106 1449 4112; x_wconf 44' lang='grc'><strong>,</strong></span> 
     </span>
     <span class='ocr_line' id='line_1_36' title="bbox 228 4120 1402 4184; baseline -0.003 -14"><span class='ocrx_word' id='word_1_319' title='bbox 228 4135 308 4183; x_wconf 90' lang='lat' dir='ltr'><em>neque</em></span> <span class='ocrx_word' id='word_1_320' title='bbox 321 4139 332 4164; x_wconf 89' lang='lat'>«</span> <span class='ocrx_word' id='word_1_321' title='bbox 349 4121 455 4182; x_wconf 85' lang='lat' dir='ltr'><em>capitum</em></span> <span class='ocrx_word' id='word_1_322' title='bbox 469 4120 574 4169; x_wconf 89' lang='lat' dir='ltr'><em>indicem</em></span> <span class='ocrx_word' id='word_1_323' title='bbox 591 4140 603 4164; x_wconf 89' lang='lat'>»</span> <span class='ocrx_word' id='word_1_324' title='bbox 620 4135 625 4169; x_wconf 95' lang='lat'><strong>:</strong></span> <span class='ocrx_word' id='word_1_325' title='bbox 641 4135 754 4182; x_wconf 86' lang='lat' dir='ltr'><em>namque,</em></span> <span class='ocrx_word' id='word_1_326' title='bbox 765 4135 818 4169; x_wconf 88' lang='lat' dir='ltr'><em>eum</em></span> <span class='ocrx_word' id='word_1_327' title='bbox 829 4121 915 4169; x_wconf 88' lang='lat' dir='ltr'><em>scribit</em></span> <span class='ocrx_word' id='word_1_328' title='bbox 925 4121 1000 4169; x_wconf 84' lang='lat' dir='ltr'><em>verba</em></span> <span class='ocrx_word' id='word_1_329' title='bbox 1012 4140 1023 4165; x_wconf 91' lang='lat'>«</span> <span class='ocrx_word' id='word_1_330' title='bbox 1036 4120 1119 4169; x_wconf 79' lang='lat' dir='ltr'><em>tuder</em></span> <span class='ocrx_word' id='word_1_331' title='bbox 1128 4136 1211 4184; x_wconf 82' lang='lat' dir='ltr'><em>supro</em></span> <span class='ocrx_word' id='word_1_332' title='bbox 1221 4122 1368 4184; x_wconf 66' lang='lat' dir='ltr'><em>descriptos</em></span> <span class='ocrx_word' id='word_1_333' title='bbox 1380 4142 1402 4184; x_wconf 69' lang='lat' dir='ltr'><em>s,</em></span> 
     </span>
     <span class='ocr_line' id='line_1_37' title="bbox 229 4191 1401 4255; baseline 0.003 -15"><span class='ocrx_word' id='word_1_334' title='bbox 229 4193 322 4241; x_wconf 89' lang='lat' dir='ltr'><em>nullum</em></span> <span class='ocrx_word' id='word_1_335' title='bbox 340 4211 352 4236; x_wconf 90' lang='lat'>«</span> <span class='ocrx_word' id='word_1_336' title='bbox 367 4192 503 4240; x_wconf 84' lang='lat' dir='ltr'><em>indicem»</em></span> <span class='ocrx_word' id='word_1_337' title='bbox 526 4207 601 4255; x_wconf 91' lang='lat' dir='ltr'><em>supra</em></span> <span class='ocrx_word' id='word_1_338' title='bbox 621 4191 759 4254; x_wconf 85' lang='lat' dir='ltr'><em>descripsit,</em></span> <span class='ocrx_word' id='word_1_339' title='bbox 783 4192 826 4240; x_wconf 90' lang='lat' dir='ltr'><em>sed</em></span> <span class='ocrx_word' id='word_1_340' title='bbox 844 4196 937 4240; x_wconf 86' lang='lat' dir='ltr'><em>tantum</em></span> <span class='ocrx_word' id='word_1_341' title='bbox 959 4212 971 4236; x_wconf 81' lang='lat' dir='ltr'><em>u</em></span> <span class='ocrx_word' id='word_1_342' title='bbox 989 4193 1084 4240; x_wconf 85' lang='lat' dir='ltr'><em>titolum</em></span> <span class='ocrx_word' id='word_1_343' title='bbox 1103 4211 1114 4235; x_wconf 78' lang='grc'><em>0</em></span> <span class='ocrx_word' id='word_1_344' title='bbox 1139 4192 1255 4240; x_wconf 89' lang='lat' dir='ltr'><em>editionis</em></span> <span class='ocrx_word' id='word_1_345' title='bbox 1272 4193 1401 4244; x_wconf 86' lang='lat' dir='ltr'><em>Zeilianae.</em></span> 
     </span>
     <span class='ocr_line' id='line_1_38' title="bbox 228 4262 1403 4325; baseline 0.001 -13"><span class='ocrx_word' id='word_1_346' title='bbox 228 4262 342 4312; x_wconf 88' lang='lat' dir='ltr'><em>Ceterum</em></span> <span class='ocrx_word' id='word_1_347' title='bbox 365 4263 396 4311; x_wconf 90' lang='lat' dir='ltr'><em>de</em></span> <span class='ocrx_word' id='word_1_348' title='bbox 414 4262 458 4311; x_wconf 76' lang='grc' dir='ltr'><em>444ι</em></span> <span class='ocrx_word' id='word_1_349' title='bbox 479 4263 586 4311; x_wconf 89' lang='lat' dir='ltr'><em>editione</em></span> <span class='ocrx_word' id='word_1_350' title='bbox 607 4267 753 4325; x_wconf 88' lang='lat' dir='ltr'><em>conspectus</em></span> <span class='ocrx_word' id='word_1_351' title='bbox 770 4263 856 4324; x_wconf 85' lang='lat' dir='ltr'><em>nostri,</em></span> <span class='ocrx_word' id='word_1_352' title='bbox 881 4262 986 4313; x_wconf 89' lang='lat' dir='ltr'><em>Orellius</em></span> <span class='ocrx_word' id='word_1_353' title='bbox 1010 4263 1071 4312; x_wconf 89' lang='lat' dir='ltr'><em>dicit</em></span> <span class='ocrx_word' id='word_1_354' title='bbox 1092 4277 1126 4310; x_wconf 75' lang='lat'><em>2«</em></span> <span class='ocrx_word' id='word_1_355' title='bbox 1148 4263 1248 4312; x_wconf 85' lang='lat' dir='ltr'><em>Foliot</em></span> <span class='ocrx_word' id='word_1_356' title='bbox 1272 4278 1296 4313; x_wconf 89' lang='lat' dir='ltr'><em>a.</em></span> <span class='ocrx_word' id='word_1_357' title='bbox 1318 4264 1403 4313; x_wconf 76' lang='grc'><strong>100400</strong></span> 
     </span>
     <span class='ocr_line' id='line_1_39' title="bbox 230 4333 1403 4399; baseline 0.003 -17"><span class='ocrx_word' id='word_1_358' title='bbox 230 4348 314 4396; x_wconf 81' lang='lat' dir='ltr'><em>supro</em></span> <span class='ocrx_word' id='word_1_359' title='bbox 329 4333 477 4398; x_wconf 81' lang='lat' dir='ltr'><em>descriptus</em></span> <span class='ocrx_word' id='word_1_360' title='bbox 493 4351 506 4381; x_wconf 74' lang='lat' dir='ltr'><em>r&gt;</em></span> <span class='ocrx_word' id='word_1_361' title='bbox 521 4335 560 4382; x_wconf 85' lang='grc'><em>004</em></span> <span class='ocrx_word' id='word_1_362' title='bbox 573 4334 674 4382; x_wconf 82' lang='lat' dir='ltr'><em>Heinius</em></span> <span class='ocrx_word' id='word_1_363' title='bbox 689 4333 811 4397; x_wconf 81' lang='lat'>(1105350)</span> <span class='ocrx_word' id='word_1_364' title='bbox 825 4335 977 4396; x_wconf 88' lang='lat' dir='ltr'><em>respondet:</em></span> <span class='ocrx_word' id='word_1_365' title='bbox 995 4356 1006 4379; x_wconf 90' lang='lat'>«</span> <span class='ocrx_word' id='word_1_366' title='bbox 1023 4335 1051 4384; x_wconf 83' lang='lat' dir='ltr'><em>F.</em></span> <span class='ocrx_word' id='word_1_367' title='bbox 1066 4335 1078 4383; x_wconf 88' lang='lat'><em>1</em></span> <span class='ocrx_word' id='word_1_368' title='bbox 1094 4349 1119 4383; x_wconf 90' lang='lat' dir='ltr'><em>o.</em></span> <span class='ocrx_word' id='word_1_369' title='bbox 1136 4335 1224 4385; x_wconf 81' lang='lat' dir='ltr'><em>Cicero</em></span> <span class='ocrx_word' id='word_1_370' title='bbox 1236 4335 1268 4384; x_wconf 86' lang='lat' dir='ltr'><em>de</em></span> <span class='ocrx_word' id='word_1_371' title='bbox 1282 4337 1403 4399; x_wconf 85' lang='lat' dir='ltr'><em>proprie-</em></span> 
     </span>
     <span class='ocr_line' id='line_1_40' title="bbox 231 4403 1400 4467; baseline 0 -13"><span class='ocrx_word' id='word_1_372' title='bbox 231 4403 328 4454; x_wconf 84' lang='lat' dir='ltr'><em>tatibus</em></span> <span class='ocrx_word' id='word_1_373' title='bbox 343 4405 526 4456; x_wconf 82' lang='lat' dir='ltr'><em>terminorum.</em></span> <span class='ocrx_word' id='word_1_374' title='bbox 543 4425 555 4448; x_wconf 80' lang='grc'><em>»</em></span> <span class='ocrx_word' id='word_1_375' title='bbox 573 4432 602 4442; x_wconf 93' lang='grc'><strong>-</strong></span> <span class='ocrx_word' id='word_1_376' title='bbox 617 4406 676 4455; x_wconf 88' lang='lat' dir='ltr'><em>Item</em></span> <span class='ocrx_word' id='word_1_377' title='bbox 691 4406 721 4454; x_wconf 91' lang='lat' dir='ltr'><em>de</em></span> <span class='ocrx_word' id='word_1_378' title='bbox 736 4406 844 4454; x_wconf 89' lang='lat' dir='ltr'><em>editione</em></span> <span class='ocrx_word' id='word_1_379' title='bbox 859 4405 900 4453; x_wconf 71' lang='lat' dir='ltr'><em>IV*</em></span> <span class='ocrx_word' id='word_1_380' title='bbox 915 4411 1061 4466; x_wconf 89' lang='lat' dir='ltr'><em>conspectus</em></span> <span class='ocrx_word' id='word_1_381' title='bbox 1075 4407 1163 4467; x_wconf 90' lang='lat' dir='ltr'><em>nostri,</em></span> <span class='ocrx_word' id='word_1_382' title='bbox 1181 4405 1288 4456; x_wconf 87' lang='lat' dir='ltr'><em>Orellius</em></span> <span class='ocrx_word' id='word_1_383' title='bbox 1298 4408 1400 4456; x_wconf 88' lang='lat' dir='ltr'><em>scribit:</em></span> 
     </span>
     <span class='ocr_line' id='line_1_41' title="bbox 230 4475 1402 4540; baseline 0.003 -17"><span class='ocrx_word' id='word_1_384' title='bbox 230 4497 242 4521; x_wconf 87' lang='lat'>«</span> <span class='ocrx_word' id='word_1_385' title='bbox 261 4475 317 4524; x_wconf 86' lang='lat' dir='ltr'><em>Fot.</em></span> <span class='ocrx_word' id='word_1_386' title='bbox 335 4476 497 4538; x_wconf 77' lang='grc'><strong>40100400,</strong></span> <span class='ocrx_word' id='word_1_387' title='bbox 515 4496 526 4520; x_wconf 79' lang='lat' dir='ltr'><em>u</em></span> <span class='ocrx_word' id='word_1_388' title='bbox 547 4478 586 4526; x_wconf 91' lang='lat' dir='ltr'><em>cui</em></span> <span class='ocrx_word' id='word_1_389' title='bbox 609 4477 709 4526; x_wconf 83' lang='lat' dir='ltr'><em>Heinius</em></span> <span class='ocrx_word' id='word_1_390' title='bbox 728 4479 766 4540; x_wconf 78' lang='grc' dir='ltr'><em>40ο</em></span> <span class='ocrx_word' id='word_1_391' title='bbox 783 4476 853 4538; x_wconf 87' lang='grc'><strong>5346)</strong></span> <span class='ocrx_word' id='word_1_392' title='bbox 877 4477 1028 4538; x_wconf 85' lang='lat' dir='ltr'><em>respondet:</em></span> <span class='ocrx_word' id='word_1_393' title='bbox 1046 4477 1104 4527; x_wconf 84' lang='lat' dir='ltr'><em>«F.</em></span> <span class='ocrx_word' id='word_1_394' title='bbox 1122 4484 1131 4524; x_wconf 94' lang='lat' dir='ltr'><em>t</em></span> <span class='ocrx_word' id='word_1_395' title='bbox 1147 4491 1164 4526; x_wconf 89' lang='lat' dir='ltr'><em>o</em></span> <span class='ocrx_word' id='word_1_396' title='bbox 1182 4477 1221 4526; x_wconf 85' lang='lat' dir='ltr'><em>tit.</em></span> <span class='ocrx_word' id='word_1_397' title='bbox 1238 4492 1247 4525; x_wconf 86' lang='lat'><em>:</em></span> <span class='ocrx_word' id='word_1_398' title='bbox 1264 4477 1352 4528; x_wconf 81' lang='lat' dir='ltr'><em>Cicero</em></span> <span class='ocrx_word' id='word_1_399' title='bbox 1371 4478 1402 4526; x_wconf 87' lang='lat' dir='ltr'><em>de</em></span> 
     </span>
     <span class='ocr_line' id='line_1_42' title="bbox 229 4547 1401 4612; baseline 0.003 -16"><span class='ocrx_word' id='word_1_400' title='bbox 229 4547 439 4612; x_wconf 78' lang='lat' dir='ltr'><em>proprietatibus</em></span> <span class='ocrx_word' id='word_1_401' title='bbox 469 4549 681 4600; x_wconf 83' lang='lat' dir='ltr'><em>terminorum.»</em></span> <span class='ocrx_word' id='word_1_402' title='bbox 700 4575 730 4586; x_wconf 97' lang='lat'>-</span> <span class='ocrx_word' id='word_1_403' title='bbox 760 4549 817 4598; x_wconf 87' lang='lat' dir='ltr'><em>item</em></span> <span class='ocrx_word' id='word_1_404' title='bbox 843 4548 874 4598; x_wconf 90' lang='lat' dir='ltr'><em>de</em></span> <span class='ocrx_word' id='word_1_405' title='bbox 897 4549 928 4598; x_wconf 67' lang='lat' dir='ltr'><em>V*</em></span> <span class='ocrx_word' id='word_1_406' title='bbox 949 4548 1055 4598; x_wconf 88' lang='lat' dir='ltr'><em>editione</em></span> <span class='ocrx_word' id='word_1_407' title='bbox 1077 4552 1163 4598; x_wconf 86' lang='lat' dir='ltr'><em>nestra</em></span> <span class='ocrx_word' id='word_1_408' title='bbox 1183 4547 1288 4600; x_wconf 85' lang='lat' dir='ltr'><em>Orellius</em></span> <span class='ocrx_word' id='word_1_409' title='bbox 1314 4549 1401 4600; x_wconf 87' lang='lat' dir='ltr'><em>dicit:</em></span> 
     </span>
    </p>
   </div>
   <div class='ocr_carea' id='block_1_8' title="bbox 0 0 1642 5454">
    <p class='ocr_par' dir='ltr' id='par_1_18' title="bbox 0 0 1642 5454">
     <span class='ocr_line' id='line_1_43' title="bbox 0 0 1642 5454; baseline 0 0"><span class='ocrx_word' id='word_1_410' title='bbox 0 0 1642 5454; x_wconf 95' lang='lat' dir='ltr'><em> </em></span> 
     </span>
    </p>
   </div>
  </div>
 </body>
</html>
